2782 4668
173 494 242 541 Lm.
270 494 295 539 1.
323 492 848 558 unuoaa1soar1r1s‚ar1sr.
875 495 940 541 vn.
993 470 1059 545 361

56 606 237 679 delirium
259 606 306 678 ab
330 606 622 706 diaphragmatis
645 606 938 680 inflammatione
956 632 1065 705 repe·
1103 650 1106 657 ·

60 740 167 814 tunt,
182 723 351 796 tendinei
369 724 544 797 videlicet
562 725 643 821 ejus‘
664 727 806 813 centri,
821 726 887 797 sed
907 740 1067 822 uterque
1095 708 1098 715 ¹

61 866 229 913 carnosae
247 845 361 940 partis
374 843 462 913 vitia
478 840 663 940 proferat3
677 844 854 942 conspexi
864 868 934 940 ego
950 841 1071 915 tendi·

62 983 177 1031 neam
188 967 343 1057 quoq'ue
359 960 440 1055 ejus
451 975 598 1057 partem
608 958 874 1030 inflammatam
886 1014 896 1047 ‚
906 983 992 1029 curu
1007 961 1069 1028 vix

64 1074 244 1165 confusa,
270 1092 306 1149 et
335 1076 536 1164 subdelira
552 1077 677 1148 morbi
702 1078 870 1148 extremo
897 1090 1069 1173 tempore

62 1218 176 1267 mens
191 1192 679 1292 fuisset‚,quemadmodum·
691 1194 738 1264 de
756 1180 1069 1291 peripneumonia

64 1312 484 1410 scribens(1)indicabo.
497 1319 766 1386 Verumtamen
775 1314 815 1382 in
823 1308 1069 1407 Sepulchreto

62 1429 347 1504 observationes
364 1431 444 1502 duae
461 1446 549 1505 sunt
566 1434 579 1529 l
607 1434 638 1527 ),
655 1433 770 1502 altera
786 1428 915 1516 Blasii,
936 1425 1035 1496 Laelii
1049 1449 1071 1495 a

64 1544 172 1618 fonte
190 1547 326 1636 altera,
345 1573 509 1645 quorum
534 1548 596 1619 hic
620 1531 863 1646 diaphragma
887 1567 1071 1641 suppura-

67 1677 153 1733 tum
166 1662 260 1734 vidit
276 1680 361 1762 post
375 1664 566 1753 delirium,
581 1665 643 1736 ille
657 1690 748 1736 vero
758 1664 918 1764 graviter
928 1658 1072 1730 inflam-

68 1793 212 1850 matum
220 1795 306 1877 post
314 1780 578 1878 phrenitidem.
595 1786 766 1871 Quorum
776 1796 1072 1875 utrumquecum

70 1909 197 1967 motus
214 1897 324 1965 etiam
335 1896 625 1982 convulsiv0s‚a
640 1921 699 1967 me
714 1896 855 1993 pariter
864 1895 1073 1983 adnotatos,
1140 1917 1142 1922 ·

70 2034 368 2082 commemorare
395 2013 581 2100 viderem,
606 2014 859 2085 meminissem
883 2027 1028 2100 autem,
1053 2035 1076 2082 a

69 2126 214 2199 Galeno
233 2127 288 2224 (3)
313 2127 444 2217 scribi,
465 2131 597 2225 quibus
622 2132 894 2225 inflammatum
919 2144 972 2200 est
994 2153 1075 2225 sep·

72 2259 151 2316 tum
168 2260 435 2332 transversum,
454 2245 522 2316 hos
534 2246 835 2319 convulsionibus
849 2270 926 2317 esse
938 2268 1077 2343 oppor-

71 2376 199 2448 tunos,
216 2375 298 2432 tum
317 2386 407 2432 vero
428 2386 449 2431 a
465 2363 586 2434 Blasio
606 2363 967 2449 animadverterem,
997 2386 1076 2431 non

72 2479 192 2551 modo
207 2477 395 2551 inferioris
420 2480 536 2576 partis
557 2480 704 2576 hepatis
722 2479 1079 2566 inflammationem,

73 2598 192 2669 sedet
209 2597 489 2669 concretionem
509 2597 732 2695 polyposam
748 2599 788 2668 in
809 2597 943 2669 eodem
964 2612 1079 2692 atque

71 2738 92 2784 a
106 2738 189 2800 me,
209 2712 398 2784 crassioris
411 2714 600 2810 meningis
615 2715 699 2785 sinu
710 2748 719 2802 ,¹
730 2731 767 2786 et
781 2715 821 2784 in
833 2713 982 2786 easdem
995 2736 1081 2809 pro·

71 2843 245 2929 pagatam
266 2854 380 2905 venas
397 2828 509 2904 fuisse
536 2814 799 2930 conspectam
825 2856 905 2901 non
925 2854 1081 2928 prorsus

74 2948 209 3021 inutile
233 2946 331 3037 lore,
358 2950 519 3038 credidi,
537 2951 568 3022 si
592 2952 631 3020 in
653 2953 744 3048 ipsis
760 2951 957 3043 utriusque
976 2946 1082 3018 libris

75 3091 136 3139 eas
148 3065 384 3167 perlegerem
397 3066 762 3140 observationes.Sed
773 3063 965 3164 quaerendi
975 3063 1083 3135 labor

77 3199 241 3282 propter
257 3182 473 3280 ambiguam
490 3198 620 3257 notam
635 3210 710 3281 qua
725 3184 833 3255 Blasii
847 3205 934 3280 pars
952 3182 976 3252 6
991 3181 1083 3253 desi·

75 3313 235 3397 gnatur‚
247 3312 288 3383 ‘et
302 3293 472 3369 fallacem
482 3300 648 3371 Consult.
659 3300 759 3369 Laelii
773 3323 999 3387 numerum,
1014 3299 1080 3371 132

74 3441 150 3515 pro
171 3414 240 3486 130
261 3415 490 3488 indicantem
519 3441 607 3495 sane
627 3419 768 3513 major,
793 3441 916 3514 quam
945 3418 1085 3490 utilitas

72 3527 146 3605 luit
157 3557 165 3601 ε
178 3555 399 3628 quanquam
410 3534 450 3603 in
465 3532 649 3631 descripta
659 3535 811 3609 alterius
823 3534 1083 3606 obseruatione
1136 3586 1138 3592 -

115 3835 163 3912 (1)
184 3833 278 3910 Epist.
298 3854 349 3907 ar,
365 3856 395 3892 n.
413 3833 461 3895 35.

116 3933 163 4014 (a)
184 3937 264 3994 Sect.
279 3936 330 3992 cit.
348 3938 419 3994 Obs.
441 3935 476 3992 15
491 3946 520 3991 et
533 3935 585 4007 37,
600 3937 621 3991 l.
635 3954 670 4007 a,
685 3955 743 4011 que
756 3935 849 3993 fusius
866 3955 889 3992 s.
904 3943 935 4009 4,
951 3935 1022 3991 Oba.
1040 3953 1085 4013 19·

115 4034 164 4115 (3)
184 4037 230 4093 De
241 4037 318 4095 Pula.
332 4035 371 4095 ad
382 4037 454 4113 Tyr.
470 4055 496 4093 c.
512 4054 558 4091 11.
