<?xml version="1.0" encoding="UTF-8"?>
<!DOCTYPE html PUBLIC "-//W3C//DTD XHTML 1.0 Transitional//EN"
    "http://www.w3.org/TR/xhtml1/DTD/xhtml1-transitional.dtd">
<html xmlns="http://www.w3.org/1999/xhtml" xml:lang="en" lang="en">
 <head>
  <title>
</title>
<meta http-equiv="Content-Type" content="text/html;charset=utf-8" />
  <meta name='ocr-system' content='tesseract 3.04.00' />
  <meta name='ocr-capabilities' content='ocr_page ocr_carea ocr_par ocr_line ocrx_word'/>
</head>
<body>
  <div class='ocr_page' id='page_1' title='image "./desedibusetcaus06adelgoog_0408.png"; bbox 0 0 2782 4668; ppageno 0'>
   <div class='ocr_carea' id='block_1_1' title="bbox 148 456 1055 557">
    <p class='ocr_par' dir='ltr' id='par_1_1' title="bbox 148 456 1055 557">
     <span class='ocr_line' id='line_1_1' title="bbox 148 456 1055 557; baseline 0 -24"><span class='ocrx_word' id='word_1_1' title='bbox 148 488 218 533; x_wconf 75' lang='lat' dir='ltr'>cm.</span> <span class='ocrx_word' id='word_1_2' title='bbox 241 472 270 532; x_wconf 78' lang='grc' dir='ltr'>ἰ.</span> <span class='ocrx_word' id='word_1_3' title='bbox 297 486 344 531; x_wconf 84' lang='lat' dir='ltr'>nn</span> <span class='ocrx_word' id='word_1_4' title='bbox 369 480 824 546; x_wconf 76' lang='lat' dir='ltr'>uona1scar1r1s,rrrsr.</span> <span class='ocrx_word' id='word_1_5' title='bbox 851 482 932 531; x_wconf 75' lang='lat' dir='ltr'>van.</span> <span class='ocrx_word' id='word_1_6' title='bbox 986 456 1055 557; x_wconf 77' lang='lat'>395</span> 
     </span>
    </p>
   </div>
   <div class='ocr_carea' id='block_1_2' title="bbox 61 591 1121 2929">
    <p class='ocr_par' dir='ltr' id='par_1_2' title="bbox 61 591 1121 2105">
     <span class='ocr_line' id='line_1_2' title="bbox 64 591 1057 697; baseline -0.003 -26"><span class='ocrx_word' id='word_1_7' title='bbox 64 624 154 686; x_wconf 86' lang='lat' dir='ltr'>cam,</span> <span class='ocrx_word' id='word_1_8' title='bbox 189 622 303 697; x_wconf 88' lang='lat' dir='ltr'>quem</span> <span class='ocrx_word' id='word_1_9' title='bbox 328 619 545 695; x_wconf 77' lang='lat' dir='ltr'>processum</span> <span class='ocrx_word' id='word_1_10' title='bbox 571 591 796 691; x_wconf 81' lang='lat' dir='ltr'>Geollroyus</span> <span class='ocrx_word' id='word_1_11' title='bbox 816 595 929 667; x_wconf 89' lang='lat' dir='ltr'>simul</span> <span class='ocrx_word' id='word_1_12' title='bbox 947 618 1057 668; x_wconf 83' lang='lat' dir='ltr'>cons-</span> 
     </span>
     <span class='ocr_line' id='line_1_3' title="bbox 62 712 1057 814; baseline -0.001 -27"><span class='ocrx_word' id='word_1_13' title='bbox 62 716 155 814; x_wconf 84' lang='lat' dir='ltr'>pexit</span> <span class='ocrx_word' id='word_1_14' title='bbox 171 740 269 813; x_wconf 89' lang='lat' dir='ltr'>pene</span> <span class='ocrx_word' id='word_1_15' title='bbox 282 713 424 812; x_wconf 88' lang='lat' dir='ltr'>ubique</span> <span class='ocrx_word' id='word_1_16' title='bbox 435 715 549 787; x_wconf 84' lang='lat' dir='ltr'>osseis</span> <span class='ocrx_word' id='word_1_17' title='bbox 559 712 707 785; x_wconf 85' lang='lat' dir='ltr'>laminis</span> <span class='ocrx_word' id='word_1_18' title='bbox 718 712 939 785; x_wconf 74' lang='lat' dir='ltr'>obductum.</span> <span class='ocrx_word' id='word_1_19' title='bbox 954 720 1057 786; x_wconf 89' lang='lat' dir='ltr'>Hanc</span> 
     </span>
     <span class='ocr_line' id='line_1_4' title="bbox 63 831 1058 923; baseline 0 -20"><span class='ocrx_word' id='word_1_20' title='bbox 63 831 915 923; x_wconf 77' lang='lat' dir='ltr'>firmitudinem,crassitudinemvealterius,ant</span> <span class='ocrx_word' id='word_1_21' title='bbox 925 833 1058 903; x_wconf 75' lang='lat' dir='ltr'>utrius·</span> 
     </span>
     <span class='ocr_line' id='line_1_5' title="bbox 64 948 1119 1048; baseline 0.001 -27"><span class='ocrx_word' id='word_1_22' title='bbox 64 974 129 1048; x_wconf 91' lang='lat' dir='ltr'>que</span> <span class='ocrx_word' id='word_1_23' title='bbox 146 949 404 1022; x_wconf 88' lang='lat' dir='ltr'>maniacorum</span> <span class='ocrx_word' id='word_1_24' title='bbox 417 950 622 1047; x_wconf 69' lang='lat' dir='ltr'>maingis,</span> <span class='ocrx_word' id='word_1_25' title='bbox 643 948 692 1020; x_wconf 89' lang='lat' dir='ltr'>ab.</span> <span class='ocrx_word' id='word_1_26' title='bbox 706 949 786 1020; x_wconf 86' lang='lat' dir='ltr'>aliis</span> <span class='ocrx_word' id='word_1_27' title='bbox 798 965 993 1046; x_wconf 80' lang='lat' dir='ltr'>praeterea,</span> <span class='ocrx_word' id='word_1_28' title='bbox 1012 964 1056 1022; x_wconf 90' lang='lat' dir='ltr'>ut</span> <span class='ocrx_word' id='word_1_29' title='bbox 1118 1037 1119 1040; x_wconf 8' lang='grc' dir='ltr'><strong>Ἴ</strong></span> 
     </span>
     <span class='ocr_line' id='line_1_6' title="bbox 63 1062 1056 1166; baseline 0.001 -28"><span class='ocrx_word' id='word_1_30' title='bbox 63 1068 154 1166; x_wconf 85' lang='lat' dir='ltr'>apud</span> <span class='ocrx_word' id='word_1_31' title='bbox 168 1067 422 1139; x_wconf 77' lang='lat' dir='ltr'>Alexandrum</span> <span class='ocrx_word' id='word_1_32' title='bbox 443 1062 704 1139; x_wconf 74' lang='lat' dir='ltr'>camerarium</span> <span class='ocrx_word' id='word_1_33' title='bbox 715 1066 791 1163; x_wconf 80' lang='grc' dir='ltr'>(ι),</span> <span class='ocrx_word' id='word_1_34' title='bbox 805 1082 842 1136; x_wconf 86' lang='lat' dir='ltr'>et</span> <span class='ocrx_word' id='word_1_35' title='bbox 859 1067 925 1137; x_wconf 89' lang='lat' dir='ltr'>cel.</span> <span class='ocrx_word' id='word_1_36' title='bbox 946 1068 1056 1139; x_wconf 87' lang='lat' dir='ltr'>Swie·</span> 
     </span>
     <span class='ocr_line' id='line_1_7' title="bbox 64 1183 1056 1284; baseline 0 -28"><span class='ocrx_word' id='word_1_37' title='bbox 64 1187 196 1257; x_wconf 76' lang='lat' dir='ltr'>lenium</span> <span class='ocrx_word' id='word_1_38' title='bbox 208 1185 264 1284; x_wconf 80' lang='lat' dir='ltr'>(a)</span> <span class='ocrx_word' id='word_1_39' title='bbox 279 1186 398 1284; x_wconf 75' lang='lat' dir='ltr'>lege5‚</span> <span class='ocrx_word' id='word_1_40' title='bbox 415 1186 623 1274; x_wconf 80' lang='lat' dir='ltr'>inventam,</span> <span class='ocrx_word' id='word_1_41' title='bbox 643 1199 728 1282; x_wconf 82' lang='lat' dir='ltr'>post</span> <span class='ocrx_word' id='word_1_42' title='bbox 738 1183 957 1256; x_wconf 77' lang='lat' dir='ltr'>violentiora</span> <span class='ocrx_word' id='word_1_43' title='bbox 968 1238 978 1271; x_wconf 83' lang='lat'>‚</span> <span class='ocrx_word' id='word_1_44' title='bbox 991 1198 1056 1256; x_wconf 89' lang='lat' dir='ltr'>aut</span> 
     </span>
     <span class='ocr_line' id='line_1_8' title="bbox 63 1299 1056 1402; baseline 0.003 -31"><span class='ocrx_word' id='word_1_45' title='bbox 63 1301 225 1402; x_wconf 81' lang='lat' dir='ltr'>longiora</span> <span class='ocrx_word' id='word_1_46' title='bbox 244 1302 396 1373; x_wconf 85' lang='lat' dir='ltr'>illorum</span> <span class='ocrx_word' id='word_1_47' title='bbox 408 1300 539 1373; x_wconf 88' lang='lat' dir='ltr'>deliria</span> <span class='ocrx_word' id='word_1_48' title='bbox 552 1302 749 1388; x_wconf 80' lang='lat' dir='ltr'>accedere,</span> <span class='ocrx_word' id='word_1_49' title='bbox 766 1299 920 1373; x_wconf 86' lang='lat' dir='ltr'>fortasse</span> <span class='ocrx_word' id='word_1_50' title='bbox 931 1301 1056 1374; x_wconf 91' lang='lat' dir='ltr'>crede·</span> 
     </span>
     <span class='ocr_line' id='line_1_9' title="bbox 63 1415 1053 1518; baseline 0 -29"><span class='ocrx_word' id='word_1_51' title='bbox 63 1444 150 1507; x_wconf 87' lang='lat' dir='ltr'>rem,</span> <span class='ocrx_word' id='word_1_52' title='bbox 169 1421 243 1491; x_wconf 87' lang='lat' dir='ltr'>nisi</span> <span class='ocrx_word' id='word_1_53' title='bbox 259 1445 280 1491; x_wconf 87' lang='lat' dir='ltr'>a</span> <span class='ocrx_word' id='word_1_54' title='bbox 300 1415 475 1518; x_wconf 88' lang='lat' dir='ltr'>Wepfero</span> <span class='ocrx_word' id='word_1_55' title='bbox 489 1418 543 1516; x_wconf 79' lang='grc'>(3)</span> <span class='ocrx_word' id='word_1_56' title='bbox 558 1434 795 1517; x_wconf 85' lang='lat' dir='ltr'>conspectam</span> <span class='ocrx_word' id='word_1_57' title='bbox 808 1440 886 1491; x_wconf 88' lang='lat' dir='ltr'>esse</span> <span class='ocrx_word' id='word_1_58' title='bbox 898 1418 1053 1508; x_wconf 84' lang='lat' dir='ltr'>scirem,</span> 
     </span>
     <span class='ocr_line' id='line_1_10' title="bbox 64 1527 1052 1635; baseline -0.002 -27"><span class='ocrx_word' id='word_1_59' title='bbox 64 1537 161 1608; x_wconf 83' lang='lat' dir='ltr'>etiam</span> <span class='ocrx_word' id='word_1_60' title='bbox 191 1551 279 1635; x_wconf 82' lang='lat' dir='ltr'>post</span> <span class='ocrx_word' id='word_1_61' title='bbox 302 1536 572 1627; x_wconf 82' lang='lat' dir='ltr'>melancholica</span> <span class='ocrx_word' id='word_1_62' title='bbox 599 1535 750 1623; x_wconf 85' lang='lat' dir='ltr'>deliria,</span> <span class='ocrx_word' id='word_1_63' title='bbox 778 1527 1052 1633; x_wconf 56' lang='lat' dir='ltr'>allingiollr),</span> 
     </span>
     <span class='ocr_line' id='line_1_11' title="bbox 61 1650 1053 1750; baseline 0.001 -26"><span class='ocrx_word' id='word_1_64' title='bbox 61 1669 134 1750; x_wconf 82' lang='lat' dir='ltr'>post</span> <span class='ocrx_word' id='word_1_65' title='bbox 151 1650 378 1743; x_wconf 76' lang='lat' dir='ltr'>fatuitatem,</span> <span class='ocrx_word' id='word_1_66' title='bbox 395 1653 447 1725; x_wconf 87' lang='lat' dir='ltr'>ab·</span> <span class='ocrx_word' id='word_1_67' title='bbox 458 1653 538 1725; x_wconf 90' lang='lat' dir='ltr'>aliis</span> <span class='ocrx_word' id='word_1_68' title='bbox 555 1667 679 1725; x_wconf 77' lang='lat' dir='ltr'>aulem</span> <span class='ocrx_word' id='word_1_69' title='bbox 690 1652 762 1750; x_wconf 73' lang='grc'>(5),</span> <span class='ocrx_word' id='word_1_70' title='bbox 782 1666 894 1750; x_wconf 86' lang='lat' dir='ltr'>atquc</span> <span class='ocrx_word' id='word_1_71' title='bbox 913 1652 1007 1724; x_wconf 87' lang='lat' dir='ltr'>adeo</span> <span class='ocrx_word' id='word_1_72' title='bbox 1031 1674 1053 1725; x_wconf 87' lang='lat' dir='ltr'>a</span> 
     </span>
     <span class='ocr_line' id='line_1_12' title="bbox 63 1764 1052 1870; baseline 0 -29"><span class='ocrx_word' id='word_1_73' title='bbox 63 1794 113 1843; x_wconf 88' lang='lat' dir='ltr'>me</span> <span class='ocrx_word' id='word_1_74' title='bbox 130 1773 211 1870; x_wconf 87' lang='lat' dir='ltr'>ipso</span> <span class='ocrx_word' id='word_1_75' title='bbox 225 1773 280 1869; x_wconf 83' lang='lat'>(6)</span> <span class='ocrx_word' id='word_1_76' title='bbox 291 1774 337 1842; x_wconf 37' lang='lat' dir='ltr'>sin</span> <span class='ocrx_word' id='word_1_77' title='bbox 354 1773 399 1843; x_wconf 92' lang='lat' dir='ltr'>iis</span> <span class='ocrx_word' id='word_1_78' title='bbox 417 1786 620 1868; x_wconf 82' lang='lat' dir='ltr'>repertam,</span> <span class='ocrx_word' id='word_1_79' title='bbox 638 1794 802 1868; x_wconf 87' lang='lat' dir='ltr'>quorum</span> <span class='ocrx_word' id='word_1_80' title='bbox 819 1793 905 1841; x_wconf 87' lang='lat' dir='ltr'>sana</span> <span class='ocrx_word' id='word_1_81' title='bbox 921 1764 1052 1866; x_wconf 83' lang='lat' dir='ltr'>utique</span> 
     </span>
     <span class='ocr_line' id='line_1_13' title="bbox 63 1880 1121 1977; baseline -0.001 -19"><span class='ocrx_word' id='word_1_82' title='bbox 63 1910 156 1962; x_wconf 86' lang='lat' dir='ltr'>mens</span> <span class='ocrx_word' id='word_1_83' title='bbox 173 1888 306 1962; x_wconf 83' lang='lat' dir='ltr'>fuerat.</span> <span class='ocrx_word' id='word_1_84' title='bbox 326 1894 370 1959; x_wconf 90' lang='lat' dir='ltr'>In</span> <span class='ocrx_word' id='word_1_85' title='bbox 387 1889 511 1959; x_wconf 87' lang='lat' dir='ltr'>mania</span> <span class='ocrx_word' id='word_1_86' title='bbox 528 1903 653 1960; x_wconf 88' lang='lat' dir='ltr'>tamen</span> <span class='ocrx_word' id='word_1_87' title='bbox 672 1889 797 1960; x_wconf 92' lang='lat' dir='ltr'>minus</span> <span class='ocrx_word' id='word_1_88' title='bbox 812 1880 933 1958; x_wconf 82' lang='lat' dir='ltr'>raram</span> <span class='ocrx_word' id='word_1_89' title='bbox 953 1908 1052 1977; x_wconf 87' lang='lat' dir='ltr'>esse,</span> <span class='ocrx_word' id='word_1_90' title='bbox 1113 1912 1121 1927; x_wconf 66' lang='lat'>⁴</span> 
     </span>
     <span class='ocr_line' id='line_1_14' title="bbox 63 2002 1091 2105; baseline 0.001 -32"><span class='ocrx_word' id='word_1_91' title='bbox 63 2007 176 2097; x_wconf 84' lang='lat' dir='ltr'>video,</span> <span class='ocrx_word' id='word_1_92' title='bbox 194 2029 306 2105; x_wconf 86' lang='lat' dir='ltr'>quam</span> <span class='ocrx_word' id='word_1_93' title='bbox 323 2005 632 2105; x_wconf 85' lang='lat' dir='ltr'>grandioresillas</span> <span class='ocrx_word' id='word_1_94' title='bbox 645 2005 844 2104; x_wconf 58' lang='lat' dir='ltr'>‚glandulas</span> <span class='ocrx_word' id='word_1_95' title='bbox 857 2006 895 2075; x_wconf 87' lang='lat' dir='ltr'>in</span> <span class='ocrx_word' id='word_1_96' title='bbox 907 2002 1053 2076; x_wconf 86' lang='lat' dir='ltr'>cerebri</span> <span class='ocrx_word' id='word_1_97' title='bbox 1087 2018 1091 2026; x_wconf 82' lang='lat'><em>&#39;</em></span> 
     </span>
    </p>

    <p class='ocr_par' dir='ltr' id='par_1_3' title="bbox 62 2118 1061 2929">
     <span class='ocr_line' id='line_1_15' title="bbox 64 2118 1050 2221; baseline 0 -29"><span class='ocrx_word' id='word_1_98' title='bbox 64 2122 168 2221; x_wconf 80' lang='lat' dir='ltr'><strong>adytis</strong></span> <span class='ocrx_word' id='word_1_99' title='bbox 188 2146 234 2197; x_wconf 82' lang='lat' dir='ltr'>ex</span> <span class='ocrx_word' id='word_1_100' title='bbox 256 2124 432 2196; x_wconf 81' lang='lat' dir='ltr'>Valsalvae</span> <span class='ocrx_word' id='word_1_101' title='bbox 452 2118 713 2195; x_wconf 82' lang='lat' dir='ltr'>observatione</span> <span class='ocrx_word' id='word_1_102' title='bbox 744 2121 950 2221; x_wconf 76' lang='lat' dir='ltr'>descriptas</span> <span class='ocrx_word' id='word_1_103' title='bbox 973 2120 1050 2219; x_wconf 80' lang='lat'>(7):</span> 
     </span>
     <span class='ocr_line' id='line_1_16' title="bbox 63 2236 1053 2341; baseline -0.001 -31"><span class='ocrx_word' id='word_1_104' title='bbox 63 2264 268 2341; x_wconf 86' lang='lat' dir='ltr'>quanquam</span> <span class='ocrx_word' id='word_1_105' title='bbox 292 2244 332 2312; x_wconf 84' lang='lat' dir='ltr'>in</span> <span class='ocrx_word' id='word_1_106' title='bbox 360 2236 644 2315; x_wconf 87' lang='lat' dir='ltr'>melancholicis</span> <span class='ocrx_word' id='word_1_107' title='bbox 668 2239 813 2313; x_wconf 86' lang='lat' dir='ltr'>duabus</span> <span class='ocrx_word' id='word_1_108' title='bbox 840 2240 895 2337; x_wconf 87' lang='grc'>(8)</span> <span class='ocrx_word' id='word_1_109' title='bbox 919 2238 1053 2311; x_wconf 88' lang='lat' dir='ltr'>similia</span> 
     </span>
     <span class='ocr_line' id='line_1_17' title="bbox 63 2356 1051 2463; baseline -0.001 -35"><span class='ocrx_word' id='word_1_110' title='bbox 63 2359 311 2453; x_wconf 83' lang='lat' dir='ltr'>quadantenus</span> <span class='ocrx_word' id='word_1_111' title='bbox 326 2356 458 2430; x_wconf 86' lang='lat' dir='ltr'>iisdem</span> <span class='ocrx_word' id='word_1_112' title='bbox 476 2360 515 2430; x_wconf 94' lang='lat' dir='ltr'>in</span> <span class='ocrx_word' id='word_1_113' title='bbox 535 2358 630 2430; x_wconf 84' lang='lat' dir='ltr'>locis</span> <span class='ocrx_word' id='word_1_114' title='bbox 648 2372 795 2457; x_wconf 86' lang='lat' dir='ltr'>reperta</span> <span class='ocrx_word' id='word_1_115' title='bbox 815 2359 901 2430; x_wconf 88' lang='lat' dir='ltr'>scio.</span> <span class='ocrx_word' id='word_1_116' title='bbox 919 2359 1051 2463; x_wconf 80' lang='lat' dir='ltr'>Neque</span> 
     </span>
     <span class='ocr_line' id='line_1_18' title="bbox 62 2473 1050 2574; baseline 0.003 -32"><span class='ocrx_word' id='word_1_117' title='bbox 62 2473 114 2546; x_wconf 87' lang='lat' dir='ltr'>illa</span> <span class='ocrx_word' id='word_1_118' title='bbox 130 2478 220 2548; x_wconf 90' lang='lat' dir='ltr'>mihi</span> <span class='ocrx_word' id='word_1_119' title='bbox 236 2502 274 2549; x_wconf 88' lang='lat' dir='ltr'>se</span> <span class='ocrx_word' id='word_1_120' title='bbox 294 2476 514 2549; x_wconf 88' lang='lat' dir='ltr'>obtulerunt</span> <span class='ocrx_word' id='word_1_121' title='bbox 531 2500 614 2574; x_wconf 88' lang='lat' dir='ltr'>quae</span> <span class='ocrx_word' id='word_1_122' title='bbox 632 2477 832 2547; x_wconf 79' lang='lat' dir='ltr'>Santorino‘</span> <span class='ocrx_word' id='word_1_123' title='bbox 853 2473 908 2571; x_wconf 83' lang='lat'>(9)</span> <span class='ocrx_word' id='word_1_124' title='bbox 931 2475 971 2543; x_wconf 89' lang='lat' dir='ltr'>in</span> <span class='ocrx_word' id='word_1_125' title='bbox 995 2496 1050 2545; x_wconf 88' lang='lat' dir='ltr'>se-</span> 
     </span>
     <span class='ocr_line' id='line_1_19' title="bbox 63 2590 1061 2683; baseline 0 -22"><span class='ocrx_word' id='word_1_126' title='bbox 63 2591 161 2666; x_wconf 82' lang='lat' dir='ltr'>nibus</span> <span class='ocrx_word' id='word_1_127' title='bbox 179 2593 362 2683; x_wconf 41' lang='lat' dir='ltr'>duobuss</span> <span class='ocrx_word' id='word_1_128' title='bbox 383 2593 448 2666; x_wconf 79' lang='lat' dir='ltr'>scd</span> <span class='ocrx_word' id='word_1_129' title='bbox 473 2593 591 2665; x_wconf 82' lang='lat' dir='ltr'>altero</span> <span class='ocrx_word' id='word_1_130' title='bbox 619 2590 744 2679; x_wconf 82' lang='lat' dir='ltr'>fatue,</span> <span class='ocrx_word' id='word_1_131' title='bbox 771 2592 889 2664; x_wconf 90' lang='lat' dir='ltr'>altero</span> <span class='ocrx_word' id='word_1_132' title='bbox 922 2591 1061 2661; x_wconf 84' lang='lat' dir='ltr'>leviter·</span> 
     </span>
     <span class='ocr_line' id='line_1_20' title="bbox 63 2705 1052 2808; baseline -0.002 -30"><span class='ocrx_word' id='word_1_133' title='bbox 63 2713 176 2800; x_wconf 82' lang='lat' dir='ltr'>stulto,</span> <span class='ocrx_word' id='word_1_134' title='bbox 191 2714 372 2782; x_wconf 88' lang='lat' dir='ltr'>nimirum</span> <span class='ocrx_word' id='word_1_135' title='bbox 389 2710 542 2782; x_wconf 86' lang='lat' dir='ltr'>loveolae</span> <span class='ocrx_word' id='word_1_136' title='bbox 557 2708 713 2808; x_wconf 85' lang='lat' dir='ltr'>lympha</span> <span class='ocrx_word' id='word_1_137' title='bbox 727 2705 880 2791; x_wconf 75' lang='lat' dir='ltr'>refertae,</span> <span class='ocrx_word' id='word_1_138' title='bbox 887 2717 951 2782; x_wconf 86' lang='lat' dir='ltr'>aut</span> <span class='ocrx_word' id='word_1_139' title='bbox 968 2706 1052 2778; x_wconf 89' lang='lat' dir='ltr'>sub·</span> 
     </span>
     <span class='ocr_line' id='line_1_21' title="bbox 63 2823 1051 2929; baseline -0.002 -34"><span class='ocrx_word' id='word_1_140' title='bbox 63 2824 193 2900; x_wconf 88' lang='lat' dir='ltr'>luteum</span> <span class='ocrx_word' id='word_1_141' title='bbox 212 2828 480 2928; x_wconf 82' lang='lat' dir='ltr'>corpusculum</span> <span class='ocrx_word' id='word_1_142' title='bbox 495 2828 534 2897; x_wconf 90' lang='lat' dir='ltr'>in</span> <span class='ocrx_word' id='word_1_143' title='bbox 550 2825 696 2899; x_wconf 86' lang='lat' dir='ltr'>cerebri</span> <span class='ocrx_word' id='word_1_144' title='bbox 705 2823 935 2929; x_wconf 59' lang='lat' dir='ltr'>meditullio²</span> <span class='ocrx_word' id='word_1_145' title='bbox 957 2823 1051 2894; x_wconf 89' lang='lat' dir='ltr'>mul-</span> 
     </span>
    </p>
   </div>
   <div class='ocr_carea' id='block_1_3' title="bbox 57 3014 1049 3067">
    <p class='ocr_par' dir='ltr' id='par_1_4' title="bbox 57 3014 1049 3067">
     <span class='ocr_line' id='line_1_22' title="bbox 57 3014 1049 3067; baseline -0.002 -35"><span class='ocrx_word' id='word_1_146' title='bbox 57 3014 1049 3067; x_wconf 37' lang='lat' dir='ltr'>w</span> 
     </span>
    </p>
   </div>
   <div class='ocr_carea' id='block_1_4' title="bbox 152 3140 704 3314">
    <p class='ocr_par' dir='ltr' id='par_1_5' title="bbox 152 3140 704 3314">
     <span class='ocr_line' id='line_1_23' title="bbox 152 3140 650 3219; baseline -0.004 -20"><span class='ocrx_word' id='word_1_147' title='bbox 152 3144 236 3218; x_wconf 83' lang='lat' dir='ltr'>Disp.</span> <span class='ocrx_word' id='word_1_148' title='bbox 251 3145 288 3200; x_wconf 87' lang='lat' dir='ltr'>dc</span> <span class='ocrx_word' id='word_1_149' title='bbox 298 3146 475 3219; x_wconf 79' lang='lat' dir='ltr'>Apospaam.</span> <span class='ocrx_word' id='word_1_150' title='bbox 488 3140 547 3198; x_wconf 84' lang='lat' dir='ltr'>Piae</span> <span class='ocrx_word' id='word_1_151' title='bbox 559 3143 650 3197; x_wconf 83' lang='lat' dir='ltr'>Matr.</span> 
     </span>
     <span class='ocr_line' id='line_1_24' title="bbox 154 3241 704 3314; baseline -0.005 -17"><span class='ocrx_word' id='word_1_152' title='bbox 154 3244 269 3298; x_wconf 80' lang='lat' dir='ltr'>Gomm.</span> <span class='ocrx_word' id='word_1_153' title='bbox 286 3243 319 3296; x_wconf 90' lang='lat' dir='ltr'>in</span> <span class='ocrx_word' id='word_1_154' title='bbox 335 3243 442 3298; x_wconf 72' lang='lat' dir='ltr'>noem.</span> <span class='ocrx_word' id='word_1_155' title='bbox 457 3241 572 3314; x_wconf 80' lang='lat' dir='ltr'>Aphor.</span> <span class='ocrx_word' id='word_1_156' title='bbox 589 3245 704 3310; x_wconf 71' lang='lat' dir='ltr'>§mn</span> 
     </span>
    </p>
   </div>
   <div class='ocr_carea' id='block_1_5' title="bbox 94 4031 582 4110">
    <p class='ocr_par' dir='ltr' id='par_1_6' title="bbox 94 4031 582 4110">
     <span class='ocr_line' id='line_1_25' title="bbox 94 4031 582 4110; baseline -0.006 -16"><span class='ocrx_word' id='word_1_157' title='bbox 94 4031 134 4110; x_wconf 87' lang='lat'>(9)</span> <span class='ocrx_word' id='word_1_158' title='bbox 152 4036 221 4094; x_wconf 81' lang='lat' dir='ltr'>ohs.</span> <span class='ocrx_word' id='word_1_159' title='bbox 235 4038 321 4093; x_wconf 81' lang='lat' dir='ltr'>Anat.</span> <span class='ocrx_word' id='word_1_160' title='bbox 338 4055 364 4092; x_wconf 87' lang='lat' dir='ltr'>c.</span> <span class='ocrx_word' id='word_1_161' title='bbox 379 4035 411 4106; x_wconf 81' lang='lat'>3,</span> <span class='ocrx_word' id='word_1_162' title='bbox 426 4038 441 4105; x_wconf 76' lang='grc'><strong>5</strong></span> <span class='ocrx_word' id='word_1_163' title='bbox 454 4033 483 4091; x_wconf 86' lang='grc'>6.</span> <span class='ocrx_word' id='word_1_164' title='bbox 581 4032 582 4037; x_wconf 60' lang='lat'>&#39;</span> 
     </span>
    </p>
   </div>
   <div class='ocr_carea' id='block_1_6' title="bbox 0 0 1396 4668">
    <p class='ocr_par' dir='ltr' id='par_1_7' title="bbox 0 0 1396 4668">
     <span class='ocr_line' id='line_1_26' title="bbox 0 0 1396 4668; baseline 0 0"><span class='ocrx_word' id='word_1_165' title='bbox 0 0 1396 4668; x_wconf 95' lang='lat' dir='ltr'> </span> 
     </span>
    </p>
   </div>
  </div>
 </body>
</html>
