2782 4668
884 297 905 333 N„

171 467 238 512 mr.
267 466 290 510 1.
319 465 366 511 uu
392 462 526 511 nonnis
545 463 708 527 omns,
733 463 843 510 nrrsr.
872 462 950 509 vnr.
1004 437 1076 532 [137

71 592 175 650 terea
205 579 400 653 nonnullis
429 577 694 674 (1),quorum
723 575 770 647 ad
798 600 858 647 me
884 576 971 647 libri
996 603 1075 648 non

68 711 159 767 sunt
174 696 405 786 allati.‘Quas
427 693 709 788 observationes
726 710 767 765 ut
783 684 870 765 cum
888 695 932 765 iis
947 692 1075 765 conle-

68 837 152 882 ram
172 839 255 910 quae
286 812 399 883 modo
428 812 620 909 productae
648 828 754 899 sunt,
781 812 914 884 eodem
941 811 1074 883 ordine

67 944 319 1027 conservat03
351 928 398 999 ab
436 928 505 998 alia
528 929 695 1026 ,quadam
722 931 897 1027 incipiam
922 938 1082 1026 oportet'

67 1045 114 1115 cl.
136 1045 230 1116 Phil.
249 1046 384 1119 Eberh.
404 1046 717 1145 Dillenii(2)qui,
738 1045 896 1117 cadaver
907 1045 1074 1116 incidere
1180 1083 1185 1098 =

64 1161 303 1258 prohibitus,
319 1178 499 1234 externos
512 1162 720 1252 livores‚'et
744 1163 849 1259 quasi
868 1160 1073 1259 sugillatio-

65 1303 140 1351 nes
158 1280 221 1347 hic
238 1278 333 1367 illic,
350 1294 386 1350 et
401 1266 634 1377 potissimum
655 1283 752 1350 circa
771 1294 902 1376 pectus
919 1278 1075 1348 adnota-

66 1398 137 1466 vit.
151 1400 204 1465 Ex
219 1398 358 1468 caeteris
369 1412 423 1468 est
441 1398 506 1494 qui
524 1396 638 1468 semel
654 1397 867 1468 abdominis
883 1385 1075 1467 musculos

64 1511 319 1587 inflammatos
348 1531 550 1602 memoret,
586 1514 699 1586 semel
728 1530 852 1585 autem
883 1514 1078 1585 musculos

65 1631 246 1701 universe
262 1630 429 1702 tumidos
445 1656 487 1701 ac
504 1631 691 1702 robustos.
713 1636 776 1727 Est
790 1632 873 1728 qui,
893 1630 1074 1701 tredecim

63 1748 249 1844 inspectis
267 1736 532 1836 cadaveribus,
558 1747 719 1836 scribat,
745 1746 1015 1844 pinguedinem
1031 1762 1073 1818 ut

64 1864 279 1962 plurimum
295 1862 411 1936 ferme
424 1866 567 1934 nullam
580 1918 591 1952 ,
608 1866 701 1961 quin
714 1879 751 1935 et
761 1880 954 1936 omentum
966 1866 1073 1962 quasi

64 1995 337 2077 consumptum
369 1977 480 2053 fnisse
508 2009 516 2050 :
544 1983 643 2051 inter
669 1979 927 2079 frequentiora
944 1962 1076 2053 autem

62 2098 271 2197 plurimam
294 2099 334 2166 in
360 2098 491 2195 primis
514 2101 583 2170 viis
603 2097 961 2189 inflammationem,
977 2100 1071 2173 lace·
1091 2170 1095 2173 .

61 2216 273 2303 rationem,
297 2239 544 2313 gangraenam.
571 2217 675 2288 Alius
698 2218 737 2286 in
769 2218 896 2314 aliquo
921 2217 1073 2304 leviter,

60 2333 100 2404 iu
123 2333 252 2428 aliquo
265 2332 428 2404 multum
443 2331 672 2404 inflammata
690 2334 817 2403 omnia
836 2336 976 2407 ventris
997 2336 1072 2407 vis-

61 2473 161 2521 cera.
179 2448 402 2547 Singillatim
426 2473 517 2519 vero
551 2450 590 2519 iu
619 2448 845 2545 quibusdam
870 2452 1070 2521 ventriculi

61 2589 200 2637 cavum
211 2563 357 2653 foetida,
367 2567 549 2664 nigraque
562 2565 637 2639 bile
646 2566 854 2654 sordidum,
864 2566 1068 2662 aliquando

60 2682 279 2779 sanguineis
296 2681 413 2753 veluti
427 2683 578 2779 punctis
595 2680 656 2751 hic
673 2682 749 2752 illic
760 2681 987 2753 distinctum.
1005 2688 1069 2753 In-

58 2798 197 2872 testina
218 2798 258 2866 in
284 2798 464 2895 quopiam
487 2814 621 2869 cuncta
639 2822 726 2867 cum
749 2784 1068 2872 mesenteriolevi

57 2913 384 3002 inflammatione·;
412 2916 453 2985 in
479 2914 551 2986 alio
583 2915 726 2986 tumida
751 2916 1004 3015 aliquantum,
1031 2931 1069 2989 et

55 3030 311 3118 inflammata3
331 3032 370 3100 in
389 3030 616 3129 quibusdam
636 3047 762 3104 autem
782 3034 898 3103 ileum
916 3058 1067 3132 praeser-

58 3152 141 3218 tim.
164 3152 276 3218 Jecur
292 3171 371 3216 non
389 3172 475 3218 raro
497 3164 666 3238 tensum,
685 3150 897 3249 turgidum,
916 3150 1066 3223 subfus-

58 3288 179 3335 cum:
206 3264 361 3360 ejusque
386 3265 596 3336 'vesiculam
626 3265 715 3337 alias
744 3263 859 3338 ferme
890 3269 1064 3357 inanem,

55 3381 252 3459 aliasatrae
268 3378 354 3450 bilis
380 3380 523 3478 glutine
543 3381 752 3452 distentam.
771 3385 983 3455 Urinariam
1003 3411 1064 3457 ve-

56 3498 174 3569 sicam
193 3495 391 3591 intubus,
410 3496 597 3594 simulque
615 3522 752 3595 penem
770 3499 1063 3573 inflammatione

56 3628 257 3710 correpta:
277 3613 490 3707 cujusmodi
504 3614 830 3688 observationibus
847 3635 1063 3716 suspectum

100 3895 147 3973 (ι)
167 3896 258 3970 Apud
273 3896 412 3953 Swieten.
424 3896 457 3952 in
469 3897 583 3954 Corum.
602 3898 634 3954 in
645 3894 751 3957 Boerh.
763 3896 878 3975 Aphor.
892 3906 908 3972 ς
924 3907 1010 3966 ulo.

99 3993 146 4070 (a)
166 3990 244 4070 Eph.
258 3995 297 4051 N.
310 3996 343 4051 C.
357 3997 441 4063 Ceut.
457 4016 490 4070 7,
507 3997 570 4054 obs.
584 3994 631 4064 54.
