<?xml version="1.0" encoding="UTF-8"?>
<!DOCTYPE html PUBLIC "-//W3C//DTD XHTML 1.0 Transitional//EN"
    "http://www.w3.org/TR/xhtml1/DTD/xhtml1-transitional.dtd">
<html xmlns="http://www.w3.org/1999/xhtml" xml:lang="en" lang="en">
 <head>
  <title>
</title>
<meta http-equiv="Content-Type" content="text/html;charset=utf-8" />
  <meta name='ocr-system' content='tesseract 3.04.00' />
  <meta name='ocr-capabilities' content='ocr_page ocr_carea ocr_par ocr_line ocrx_word'/>
</head>
<body>
  <div class='ocr_page' id='page_1' title='image "./desedibusetcaus06adelgoog_0337.png"; bbox 0 0 2780 4666; ppageno 0'>
   <div class='ocr_carea' id='block_1_1' title="bbox 301 396 1135 484">
    <p class='ocr_par' dir='ltr' id='par_1_1' title="bbox 301 396 1135 484">
     <span class='ocr_line' id='line_1_1' title="bbox 301 396 1135 484; baseline 0.004 -14"><span class='ocrx_word' id='word_1_1' title='bbox 301 396 384 484; x_wconf 58' lang='lat'><strong>3241</strong></span> <span class='ocrx_word' id='word_1_2' title='bbox 464 421 511 467; x_wconf 82' lang='lat' dir='ltr'><strong>nr</strong></span> <span class='ocrx_word' id='word_1_3' title='bbox 537 420 683 469; x_wconf 78' lang='lat' dir='ltr'><strong>sennes</strong></span> <span class='ocrx_word' id='word_1_4' title='bbox 706 422 751 468; x_wconf 74' lang='lat' dir='ltr'><strong>rr</strong></span> <span class='ocrx_word' id='word_1_5' title='bbox 777 422 900 483; x_wconf 76' lang='lat' dir='ltr'><strong>causis</strong></span> <span class='ocrx_word' id='word_1_6' title='bbox 926 426 1135 475; x_wconf 74' lang='lat' dir='ltr'><strong>normann</strong></span> 
     </span>
    </p>
   </div>
   <div class='ocr_carea' id='block_1_2' title="bbox 293 533 1306 1442">
    <p class='ocr_par' dir='ltr' id='par_1_2' title="bbox 293 533 1306 1442">
     <span class='ocr_line' id='line_1_2' title="bbox 300 533 1299 637; baseline 0.01 -33"><span class='ocrx_word' id='word_1_7' title='bbox 300 533 572 629; x_wconf 84' lang='lat' dir='ltr'><strong>ejusdemmodi</strong></span> <span class='ocrx_word' id='word_1_8' title='bbox 594 549 672 606; x_wconf 90' lang='lat' dir='ltr'><strong>erat</strong></span> <span class='ocrx_word' id='word_1_9' title='bbox 697 533 908 627; x_wconf 86' lang='lat' dir='ltr'><strong>obnoxius,</strong></span> <span class='ocrx_word' id='word_1_10' title='bbox 941 554 978 610; x_wconf 93' lang='lat' dir='ltr'><strong>et</strong></span> <span class='ocrx_word' id='word_1_11' title='bbox 1007 539 1154 637; x_wconf 86' lang='lat' dir='ltr'><strong>aliquot</strong></span> <span class='ocrx_word' id='word_1_12' title='bbox 1188 565 1299 614; x_wconf 88' lang='lat' dir='ltr'><strong>annos</strong></span> 
     </span>
     <span class='ocr_line' id='line_1_3' title="bbox 298 648 1296 756; baseline 0.006 -34"><span class='ocrx_word' id='word_1_13' title='bbox 298 648 379 722; x_wconf 90' lang='lat' dir='ltr'><strong>fuit.</strong></span> <span class='ocrx_word' id='word_1_14' title='bbox 399 650 471 725; x_wconf 87' lang='lat' dir='ltr'><strong>Sed</strong></span> <span class='ocrx_word' id='word_1_15' title='bbox 484 650 563 722; x_wconf 83' lang='lat' dir='ltr'><strong>haec</strong></span> <span class='ocrx_word' id='word_1_16' title='bbox 578 676 623 723; x_wconf 93' lang='lat' dir='ltr'><strong>eo</strong></span> <span class='ocrx_word' id='word_1_17' title='bbox 644 669 836 740; x_wconf 81' lang='lat' dir='ltr'><strong>narrante,</strong></span> <span class='ocrx_word' id='word_1_18' title='bbox 854 679 966 726; x_wconf 88' lang='lat' dir='ltr'><strong>sanus</strong></span> <span class='ocrx_word' id='word_1_19' title='bbox 982 656 1139 729; x_wconf 88' lang='lat' dir='ltr'><strong>vivebat.</strong></span> <span class='ocrx_word' id='word_1_20' title='bbox 1161 663 1296 756; x_wconf 88' lang='lat' dir='ltr'><strong>Optan-</strong></span> 
     </span>
     <span class='ocr_line' id='line_1_4' title="bbox 298 763 1298 866; baseline 0.011 -29"><span class='ocrx_word' id='word_1_21' title='bbox 298 763 390 838; x_wconf 88' lang='lat' dir='ltr'><strong>dum</strong></span> <span class='ocrx_word' id='word_1_22' title='bbox 404 784 518 854; x_wconf 90' lang='lat' dir='ltr'><strong>esset,</strong></span> <span class='ocrx_word' id='word_1_23' title='bbox 537 782 579 838; x_wconf 92' lang='lat' dir='ltr'><strong>ut</strong></span> <span class='ocrx_word' id='word_1_24' title='bbox 598 769 796 865; x_wconf 86' lang='lat' dir='ltr'><strong>inquibus</strong></span> <span class='ocrx_word' id='word_1_25' title='bbox 815 772 1000 866; x_wconf 90' lang='lat' dir='ltr'><strong>ejusmodi</strong></span> <span class='ocrx_word' id='word_1_26' title='bbox 1025 773 1298 848; x_wconf 86' lang='lat' dir='ltr'><strong>observationes</strong></span> 
     </span>
     <span class='ocr_line' id='line_1_5' title="bbox 297 883 1296 988; baseline 0.008 -33"><span class='ocrx_word' id='word_1_27' title='bbox 297 883 438 957; x_wconf 88' lang='lat' dir='ltr'><strong>habere</strong></span> <span class='ocrx_word' id='word_1_28' title='bbox 455 886 658 982; x_wconf 85' lang='lat' dir='ltr'><strong>contingit,</strong></span> <span class='ocrx_word' id='word_1_29' title='bbox 678 911 810 958; x_wconf 89' lang='lat' dir='ltr'><strong>eorum</strong></span> <span class='ocrx_word' id='word_1_30' title='bbox 825 890 966 986; x_wconf 86' lang='lat' dir='ltr'><strong>capita,</strong></span> <span class='ocrx_word' id='word_1_31' title='bbox 982 890 1296 988; x_wconf 84' lang='lat' dir='ltr'><strong>quandocumque</strong></span> 
     </span>
     <span class='ocr_line' id='line_1_6' title="bbox 295 1003 1306 1104; baseline 0.007 -31"><span class='ocrx_word' id='word_1_32' title='bbox 295 1018 555 1090; x_wconf 83' lang='lat' dir='ltr'><strong>morerentur,</strong></span> <span class='ocrx_word' id='word_1_33' title='bbox 574 1003 643 1074; x_wconf 89' lang='lat' dir='ltr'><strong>sub</strong></span> <span class='ocrx_word' id='word_1_34' title='bbox 665 1027 800 1075; x_wconf 85' lang='lat' dir='ltr'><strong>manus</strong></span> <span class='ocrx_word' id='word_1_35' title='bbox 823 1004 1002 1076; x_wconf 89' lang='lat' dir='ltr'><strong>caderent</strong></span> <span class='ocrx_word' id='word_1_36' title='bbox 1017 1006 1210 1104; x_wconf 87' lang='lat' dir='ltr'><strong>diligentis</strong></span> <span class='ocrx_word' id='word_1_37' title='bbox 1228 1034 1306 1098; x_wconf 69' lang='lat' dir='ltr'><strong>sec·⁸</strong></span> 
     </span>
     <span class='ocr_line' id='line_1_7' title="bbox 295 1119 1293 1222; baseline 0.006 -32"><span class='ocrx_word' id='word_1_38' title='bbox 295 1120 404 1205; x_wconf 86' lang='lat' dir='ltr'><strong>toris,</strong></span> <span class='ocrx_word' id='word_1_39' title='bbox 424 1133 461 1189; x_wconf 92' lang='lat' dir='ltr'><strong>et</strong></span> <span class='ocrx_word' id='word_1_40' title='bbox 472 1120 539 1215; x_wconf 90' lang='lat' dir='ltr'><strong>qui</strong></span> <span class='ocrx_word' id='word_1_41' title='bbox 548 1143 591 1190; x_wconf 91' lang='lat' dir='ltr'><strong>ea</strong></span> <span class='ocrx_word' id='word_1_42' title='bbox 600 1144 683 1215; x_wconf 83' lang='lat' dir='ltr'><strong>quae</strong></span> <span class='ocrx_word' id='word_1_43' title='bbox 694 1119 785 1188; x_wconf 92' lang='lat' dir='ltr'><strong>olim</strong></span> <span class='ocrx_word' id='word_1_44' title='bbox 795 1122 1086 1215; x_wconf 82' lang='lat' dir='ltr'><strong>praecessissent,</strong></span> <span class='ocrx_word' id='word_1_45' title='bbox 1104 1126 1293 1222; x_wconf 83' lang='lat' dir='ltr'><strong>nonigno·</strong></span> 
     </span>
     <span class='ocr_line' id='line_1_8' title="bbox 294 1234 1293 1343; baseline 0.005 -36"><span class='ocrx_word' id='word_1_46' title='bbox 294 1250 413 1323; x_wconf 80' lang='lat' dir='ltr'><strong>raret3</strong></span> <span class='ocrx_word' id='word_1_47' title='bbox 433 1234 754 1343; x_wconf 74' lang='lat' dir='ltr'><strong>quemadmodum</strong></span> <span class='ocrx_word' id='word_1_48' title='bbox 776 1236 815 1305; x_wconf 92' lang='lat' dir='ltr'><strong>in</strong></span> <span class='ocrx_word' id='word_1_49' title='bbox 830 1239 867 1305; x_wconf 93' lang='lat' dir='ltr'><strong>II</strong></span> <span class='ocrx_word' id='word_1_50' title='bbox 886 1235 933 1305; x_wconf 92' lang='lat' dir='ltr'><strong>ad</strong></span> <span class='ocrx_word' id='word_1_51' title='bbox 947 1250 983 1308; x_wconf 90' lang='lat' dir='ltr'><strong>te</strong></span> <span class='ocrx_word' id='word_1_52' title='bbox 1001 1239 1157 1335; x_wconf 92' lang='lat' dir='ltr'><strong>epistola</strong></span> <span class='ocrx_word' id='word_1_53' title='bbox 1176 1242 1232 1338; x_wconf 88' lang='lat'><strong>(1)</strong></span> <span class='ocrx_word' id='word_1_54' title='bbox 1246 1244 1293 1311; x_wconf 89' lang='lat' dir='ltr'><strong>in-</strong></span> 
     </span>
     <span class='ocr_line' id='line_1_9' title="bbox 293 1349 1294 1442; baseline 0.007 -20"><span class='ocrx_word' id='word_1_55' title='bbox 293 1351 443 1425; x_wconf 90' lang='lat' dir='ltr'><strong>terdum</strong></span> <span class='ocrx_word' id='word_1_56' title='bbox 460 1349 601 1422; x_wconf 88' lang='lat' dir='ltr'><strong>factum</strong></span> <span class='ocrx_word' id='word_1_57' title='bbox 628 1375 727 1438; x_wconf 89' lang='lat' dir='ltr'><strong>esse,</strong></span> <span class='ocrx_word' id='word_1_58' title='bbox 753 1351 1007 1442; x_wconf 75' lang='lat' dir='ltr'><strong>ostendimus,</strong></span> <span class='ocrx_word' id='word_1_59' title='bbox 1034 1369 1077 1425; x_wconf 91' lang='lat' dir='ltr'><strong>ut</strong></span> <span class='ocrx_word' id='word_1_60' title='bbox 1099 1357 1294 1428; x_wconf 90' lang='lat' dir='ltr'><strong>oculorum</strong></span> 
     </span>
    </p>
   </div>
   <div class='ocr_carea' id='block_1_3' title="bbox 187 1467 1291 1568">
    <p class='ocr_par' dir='ltr' id='par_1_3' title="bbox 187 1467 1291 1568">
     <span class='ocr_line' id='line_1_10' title="bbox 187 1467 1291 1568; baseline 0.003 -29"><span class='ocrx_word' id='word_1_61' title='bbox 187 1476 190 1481; x_wconf 79' lang='grc'><em>“</em></span> <span class='ocrx_word' id='word_1_62' title='bbox 291 1494 446 1568; x_wconf 88' lang='lat' dir='ltr'><strong>quoque</strong></span> <span class='ocrx_word' id='word_1_63' title='bbox 464 1467 606 1563; x_wconf 90' lang='lat' dir='ltr'><strong>judicio</strong></span> <span class='ocrx_word' id='word_1_64' title='bbox 637 1468 748 1566; x_wconf 90' lang='lat' dir='ltr'><strong>plane</strong></span> <span class='ocrx_word' id='word_1_65' title='bbox 773 1483 978 1558; x_wconf 87' lang='lat' dir='ltr'><strong>constaret,</strong></span> <span class='ocrx_word' id='word_1_66' title='bbox 1009 1493 1081 1567; x_wconf 94' lang='lat' dir='ltr'><strong>pus</strong></span> <span class='ocrx_word' id='word_1_67' title='bbox 1107 1496 1153 1543; x_wconf 85' lang='lat' dir='ltr'><strong>ex</strong></span> <span class='ocrx_word' id='word_1_68' title='bbox 1181 1476 1291 1544; x_wconf 89' lang='lat' dir='ltr'><strong>cranii</strong></span> 
     </span>
    </p>
   </div>
   <div class='ocr_carea' id='block_1_4' title="bbox 214 1586 1352 3687">
    <p class='ocr_par' dir='ltr' id='par_1_4' title="bbox 285 1586 1293 2741">
     <span class='ocr_line' id='line_1_11' title="bbox 291 1586 1291 1686; baseline 0.006 -29"><span class='ocrx_word' id='word_1_69' title='bbox 291 1611 402 1675; x_wconf 91' lang='lat' dir='ltr'><strong>cavo,</strong></span> <span class='ocrx_word' id='word_1_70' title='bbox 419 1613 498 1658; x_wconf 86' lang='lat' dir='ltr'><strong>non</strong></span> <span class='ocrx_word' id='word_1_71' title='bbox 527 1612 572 1659; x_wconf 81' lang='lat' dir='ltr'><strong>ex</strong></span> <span class='ocrx_word' id='word_1_72' title='bbox 596 1586 795 1686; x_wconf 88' lang='lat' dir='ltr'><strong>pituitariis</strong></span> <span class='ocrx_word' id='word_1_73' title='bbox 820 1586 984 1676; x_wconf 91' lang='lat' dir='ltr'><strong>sinibus,</strong></span> <span class='ocrx_word' id='word_1_74' title='bbox 1001 1588 1198 1685; x_wconf 87' lang='lat' dir='ltr'><strong>prodiisse.</strong></span> <span class='ocrx_word' id='word_1_75' title='bbox 1230 1592 1291 1663; x_wconf 86' lang='lat' dir='ltr'><strong>Sed</strong></span> 
     </span>
     <span class='ocr_line' id='line_1_12' title="bbox 289 1702 1290 1802; baseline 0.004 -29"><span class='ocrx_word' id='word_1_76' title='bbox 289 1702 363 1781; x_wconf 84' lang='lat' dir='ltr'><strong>hoc</strong></span> <span class='ocrx_word' id='word_1_77' title='bbox 380 1720 490 1792; x_wconf 88' lang='lat' dir='ltr'><strong>voto,</strong></span> <span class='ocrx_word' id='word_1_78' title='bbox 508 1704 615 1800; x_wconf 87' lang='lat' dir='ltr'><strong>cujus</strong></span> <span class='ocrx_word' id='word_1_79' title='bbox 632 1728 717 1774; x_wconf 92' lang='lat' dir='ltr'><strong>raro</strong></span> <span class='ocrx_word' id='word_1_80' title='bbox 728 1702 1290 1802; x_wconf 88' lang='lat' dir='ltr'><strong>compotesfieriaccidit,nuuc</strong></span> 
     </span>
     <span class='ocr_line' id='line_1_13' title="bbox 291 1821 1291 1919; baseline 0.003 -27"><span class='ocrx_word' id='word_1_81' title='bbox 291 1823 474 1919; x_wconf 84' lang='lat' dir='ltr'><strong>seposito&#39;,</strong></span> <span class='ocrx_word' id='word_1_82' title='bbox 488 1845 614 1918; x_wconf 84' lang='lat' dir='ltr'><strong>paucae</strong></span> <span class='ocrx_word' id='word_1_83' title='bbox 632 1821 809 1909; x_wconf 89' lang='lat' dir='ltr'><strong>omnino,</strong></span> <span class='ocrx_word' id='word_1_84' title='bbox 825 1822 856 1892; x_wconf 91' lang='lat' dir='ltr'><strong>si</strong></span> <span class='ocrx_word' id='word_1_85' title='bbox 871 1821 1159 1892; x_wconf 87' lang='lat' dir='ltr'><strong>vulneratorum</strong></span> <span class='ocrx_word' id='word_1_86' title='bbox 1175 1849 1291 1895; x_wconf 88' lang='lat' dir='ltr'><strong>exem·</strong></span> 
     </span>
     <span class='ocr_line' id='line_1_14' title="bbox 288 1935 1293 2038; baseline 0.005 -31"><span class='ocrx_word' id='word_1_87' title='bbox 288 1937 372 2038; x_wconf 88' lang='lat' dir='ltr'><strong>pla,</strong></span> <span class='ocrx_word' id='word_1_88' title='bbox 385 1954 429 2009; x_wconf 93' lang='lat' dir='ltr'><strong>ut</strong></span> <span class='ocrx_word' id='word_1_89' title='bbox 443 1938 506 2009; x_wconf 92' lang='lat' dir='ltr'><strong>hic</strong></span> <span class='ocrx_word' id='word_1_90' title='bbox 521 1935 695 2027; x_wconf 86' lang='lat' dir='ltr'><strong>facimus,</strong></span> <span class='ocrx_word' id='word_1_91' title='bbox 711 1938 890 2036; x_wconf 79' lang='lat' dir='ltr'><strong>excipias3</strong></span> <span class='ocrx_word' id='word_1_92' title='bbox 906 1952 963 2028; x_wconf 82' lang='lat' dir='ltr'><strong>tot</strong></span> <span class='ocrx_word' id='word_1_93' title='bbox 977 1939 1076 2009; x_wconf 91' lang='lat' dir='ltr'><strong>inter</strong></span> <span class='ocrx_word' id='word_1_94' title='bbox 1090 1965 1176 2036; x_wconf 87' lang='lat' dir='ltr'><strong>quae</strong></span> <span class='ocrx_word' id='word_1_95' title='bbox 1191 1943 1233 2012; x_wconf 91' lang='lat' dir='ltr'><strong>in</strong></span> <span class='ocrx_word' id='word_1_96' title='bbox 1243 1946 1293 2012; x_wconf 85' lang='lat' dir='ltr'><strong>Se·</strong></span> 
     </span>
     <span class='ocr_line' id='line_1_15' title="bbox 288 2052 1291 2154; baseline 0.003 -29"><span class='ocrx_word' id='word_1_97' title='bbox 288 2052 491 2154; x_wconf 85' lang='lat' dir='ltr'><strong>pulchreto</strong></span> <span class='ocrx_word' id='word_1_98' title='bbox 503 2056 665 2127; x_wconf 77' lang='lat' dir='ltr'><strong>collectae</strong></span> <span class='ocrx_word' id='word_1_99' title='bbox 676 2071 779 2145; x_wconf 89' lang='lat' dir='ltr'><strong>sunt,</strong></span> <span class='ocrx_word' id='word_1_100' title='bbox 798 2055 1081 2126; x_wconf 88' lang='lat' dir='ltr'><strong>observationes</strong></span> <span class='ocrx_word' id='word_1_101' title='bbox 1096 2072 1291 2131; x_wconf 88' lang='lat' dir='ltr'><strong>occurrent</strong></span> 
     </span>
     <span class='ocr_line' id='line_1_16' title="bbox 287 2169 1289 2272; baseline 0.002 -29"><span class='ocrx_word' id='word_1_102' title='bbox 287 2173 395 2272; x_wconf 90' lang='lat' dir='ltr'><strong>puris</strong></span> <span class='ocrx_word' id='word_1_103' title='bbox 424 2172 463 2242; x_wconf 90' lang='lat' dir='ltr'><strong>in</strong></span> <span class='ocrx_word' id='word_1_104' title='bbox 485 2172 641 2244; x_wconf 87' lang='lat' dir='ltr'><strong>calvaria</strong></span> <span class='ocrx_word' id='word_1_105' title='bbox 657 2189 744 2272; x_wconf 92' lang='lat' dir='ltr'><strong>post</strong></span> <span class='ocrx_word' id='word_1_106' title='bbox 771 2197 968 2272; x_wconf 87' lang='lat' dir='ltr'><strong>soporosas</strong></span> <span class='ocrx_word' id='word_1_107' title='bbox 999 2169 1220 2247; x_wconf 86' lang='lat' dir='ltr'><strong>affectiones</strong></span> <span class='ocrx_word' id='word_1_108' title='bbox 1242 2182 1289 2246; x_wconf 90' lang='lat' dir='ltr'><strong>iu·</strong></span> 
     </span>
     <span class='ocr_line' id='line_1_17' title="bbox 287 2289 1289 2390; baseline 0.003 -29"><span class='ocrx_word' id='word_1_109' title='bbox 287 2293 401 2361; x_wconf 83' lang='lat' dir='ltr'><strong>venti.</strong></span> <span class='ocrx_word' id='word_1_110' title='bbox 411 2289 900 2390; x_wconf 87' lang='lat' dir='ltr'><strong>Aquaplerumquereperta</strong></span> <span class='ocrx_word' id='word_1_111' title='bbox 909 2290 1289 2387; x_wconf 80' lang='lat' dir='ltr'><strong>legiturzquodetiam</strong></span> 
     </span>
     <span class='ocr_line' id='line_1_18' title="bbox 287 2407 1289 2508; baseline 0.002 -31"><span class='ocrx_word' id='word_1_112' title='bbox 287 2408 327 2478; x_wconf 89' lang='lat' dir='ltr'><strong>in</strong></span> <span class='ocrx_word' id='word_1_113' title='bbox 354 2407 413 2480; x_wconf 93' lang='lat' dir='ltr'><strong>his</strong></span> <span class='ocrx_word' id='word_1_114' title='bbox 435 2409 626 2498; x_wconf 80' lang='lat' dir='ltr'><strong>Valsalvoe,</strong></span> <span class='ocrx_word' id='word_1_115' title='bbox 653 2410 821 2508; x_wconf 88' lang='lat' dir='ltr'><strong>meisque</strong></span> <span class='ocrx_word' id='word_1_116' title='bbox 858 2407 1189 2481; x_wconf 86' lang='lat' dir='ltr'><strong>observationibus</strong></span> <span class='ocrx_word' id='word_1_117' title='bbox 1217 2412 1289 2481; x_wconf 87' lang='lat' dir='ltr'><strong>ani·</strong></span> 
     </span>
     <span class='ocr_line' id='line_1_19' title="bbox 285 2526 1289 2625; baseline -0.001 -29"><span class='ocrx_word' id='word_1_118' title='bbox 285 2526 518 2615; x_wconf 86' lang='lat' dir='ltr'><strong>madvertes,</strong></span> <span class='ocrx_word' id='word_1_119' title='bbox 536 2529 610 2599; x_wconf 91' lang='lat' dir='ltr'><strong>sive</strong></span> <span class='ocrx_word' id='word_1_120' title='bbox 621 2550 760 2625; x_wconf 87' lang='lat' dir='ltr'><strong>pauca,</strong></span> <span class='ocrx_word' id='word_1_121' title='bbox 777 2527 867 2597; x_wconf 92' lang='lat' dir='ltr'><strong>utin</strong></span> <span class='ocrx_word' id='word_1_122' title='bbox 879 2526 1141 2623; x_wconf 90' lang='lat' dir='ltr'><strong>superioribus</strong></span> <span class='ocrx_word' id='word_1_123' title='bbox 1151 2527 1289 2614; x_wconf 87' lang='lat' dir='ltr'><strong>vidisti,</strong></span> 
     </span>
     <span class='ocr_line' id='line_1_20' title="bbox 289 2643 1286 2741; baseline -0.005 -24"><span class='ocrx_word' id='word_1_124' title='bbox 289 2645 364 2717; x_wconf 88' lang='lat' dir='ltr'><strong>sive</strong></span> <span class='ocrx_word' id='word_1_125' title='bbox 372 2643 507 2733; x_wconf 87' lang='lat' dir='ltr'><strong>multa,</strong></span> <span class='ocrx_word' id='word_1_126' title='bbox 522 2646 611 2715; x_wconf 92' lang='lat' dir='ltr'><strong>utin</strong></span> <span class='ocrx_word' id='word_1_127' title='bbox 620 2669 663 2715; x_wconf 89' lang='lat' dir='ltr'><strong>ea</strong></span> <span class='ocrx_word' id='word_1_128' title='bbox 673 2669 754 2741; x_wconf 89' lang='lat' dir='ltr'><strong>quae</strong></span> <span class='ocrx_word' id='word_1_129' title='bbox 763 2644 932 2740; x_wconf 87' lang='lat' dir='ltr'><strong>sequitur</strong></span> <span class='ocrx_word' id='word_1_130' title='bbox 940 2645 1127 2740; x_wconf 87' lang='lat' dir='ltr'><strong>proxima,</strong></span> <span class='ocrx_word' id='word_1_131' title='bbox 1137 2643 1286 2716; x_wconf 83' lang='lat' dir='ltr'><strong>videbis.</strong></span> 
     </span>
    </p>

    <p class='ocr_par' dir='ltr' id='par_1_5' title="bbox 214 2758 1352 3687">
     <span class='ocr_line' id='line_1_21' title="bbox 332 2758 1352 2856; baseline -0.004 -23"><span class='ocrx_word' id='word_1_132' title='bbox 332 2762 369 2834; x_wconf 88' lang='lat'><strong>6.</strong></span> <span class='ocrx_word' id='word_1_133' title='bbox 396 2761 708 2833; x_wconf 86' lang='lat' dir='ltr'><strong>Adolescentulus</strong></span> <span class='ocrx_word' id='word_1_134' title='bbox 726 2785 913 2830; x_wconf 83' lang='lat' dir='ltr'><strong>annorum</strong></span> <span class='ocrx_word' id='word_1_135' title='bbox 931 2758 1161 2856; x_wconf 87' lang='lat' dir='ltr'><strong>quindecin,</strong></span> <span class='ocrx_word' id='word_1_136' title='bbox 1183 2763 1286 2833; x_wconf 87' lang='lat' dir='ltr'><strong>verti·</strong></span> <span class='ocrx_word' id='word_1_137' title='bbox 1347 2807 1352 2821; x_wconf 85' lang='lat'><strong>·</strong></span> 
     </span>
     <span class='ocr_line' id='line_1_22' title="bbox 285 2876 1288 2979; baseline 0 -29"><span class='ocrx_word' id='word_1_138' title='bbox 285 2881 365 2979; x_wconf 85' lang='lat' dir='ltr'><strong>gini</strong></span> <span class='ocrx_word' id='word_1_139' title='bbox 374 2878 582 2965; x_wconf 83' lang='lat' dir='ltr'><strong>obnoxius,</strong></span> <span class='ocrx_word' id='word_1_140' title='bbox 596 2900 641 2947; x_wconf 84' lang='lat' dir='ltr'><strong>ex</strong></span> <span class='ocrx_word' id='word_1_141' title='bbox 655 2876 859 2973; x_wconf 78' lang='lat' dir='ltr'><strong>improviso</strong></span> <span class='ocrx_word' id='word_1_142' title='bbox 870 2876 910 2944; x_wconf 92' lang='lat' dir='ltr'><strong>in</strong></span> <span class='ocrx_word' id='word_1_143' title='bbox 924 2889 1063 2945; x_wconf 87' lang='lat' dir='ltr'><strong>terram</strong></span> <span class='ocrx_word' id='word_1_144' title='bbox 1074 2876 1195 2965; x_wconf 89' lang='lat' dir='ltr'><strong>cadit,</strong></span> <span class='ocrx_word' id='word_1_145' title='bbox 1207 2902 1288 2976; x_wconf 90' lang='lat' dir='ltr'><strong>sup·</strong></span> 
     </span>
     <span class='ocr_line' id='line_1_23' title="bbox 285 2989 1287 3097; baseline -0.004 -29"><span class='ocrx_word' id='word_1_146' title='bbox 285 2997 423 3097; x_wconf 91' lang='lat' dir='ltr'><strong>pressis</strong></span> <span class='ocrx_word' id='word_1_147' title='bbox 440 2996 618 3067; x_wconf 84' lang='lat' dir='ltr'><strong>omnium</strong></span> <span class='ocrx_word' id='word_1_148' title='bbox 627 3017 805 3065; x_wconf 87' lang='lat' dir='ltr'><strong>sensuum</strong></span> <span class='ocrx_word' id='word_1_149' title='bbox 823 2989 1093 3064; x_wconf 86' lang='lat' dir='ltr'><strong>functionibus.</strong></span> <span class='ocrx_word' id='word_1_150' title='bbox 1118 2998 1207 3066; x_wconf 88' lang='lat' dir='ltr'><strong>Post</strong></span> <span class='ocrx_word' id='word_1_151' title='bbox 1224 2995 1287 3064; x_wconf 88' lang='lat' dir='ltr'><strong>ho·</strong></span> 
     </span>
     <span class='ocr_line' id='line_1_24' title="bbox 285 3109 1287 3209; baseline -0.002 -24"><span class='ocrx_word' id='word_1_152' title='bbox 285 3140 366 3185; x_wconf 89' lang='lat' dir='ltr'><strong>ram</strong></span> <span class='ocrx_word' id='word_1_153' title='bbox 381 3113 429 3183; x_wconf 93' lang='lat' dir='ltr'><strong>ad</strong></span> <span class='ocrx_word' id='word_1_154' title='bbox 446 3139 484 3185; x_wconf 89' lang='lat' dir='ltr'><strong>se</strong></span> <span class='ocrx_word' id='word_1_155' title='bbox 496 3110 612 3198; x_wconf 89' lang='lat' dir='ltr'><strong>redit,</strong></span> <span class='ocrx_word' id='word_1_156' title='bbox 624 3111 759 3209; x_wconf 81' lang='lat' dir='ltr'><strong>linguae</strong></span> <span class='ocrx_word' id='word_1_157' title='bbox 774 3124 882 3180; x_wconf 90' lang='lat' dir='ltr'><strong>motu</strong></span> <span class='ocrx_word' id='word_1_158' title='bbox 896 3109 1073 3179; x_wconf 89' lang='lat' dir='ltr'><strong>nonnihil</strong></span> <span class='ocrx_word' id='word_1_159' title='bbox 1091 3110 1189 3183; x_wconf 84' lang='lat' dir='ltr'><strong>laeso.</strong></span> <span class='ocrx_word' id='word_1_160' title='bbox 1201 3117 1287 3183; x_wconf 47' lang='lat' dir='ltr'><strong>Pau*</strong></span> 
     </span>
     <span class='ocr_line' id='line_1_25' title="bbox 286 3225 1287 3330; baseline -0.001 -28"><span class='ocrx_word' id='word_1_161' title='bbox 286 3234 338 3304; x_wconf 91' lang='lat' dir='ltr'><strong>cis</strong></span> <span class='ocrx_word' id='word_1_162' title='bbox 355 3245 441 3330; x_wconf 93' lang='lat' dir='ltr'><strong>post</strong></span> <span class='ocrx_word' id='word_1_163' title='bbox 455 3230 587 3301; x_wconf 89' lang='lat' dir='ltr'><strong>diebus</strong></span> <span class='ocrx_word' id='word_1_164' title='bbox 601 3230 640 3298; x_wconf 90' lang='lat' dir='ltr'><strong>iu</strong></span> <span class='ocrx_word' id='word_1_165' title='bbox 657 3225 801 3300; x_wconf 90' lang='lat' dir='ltr'><strong>febrem</strong></span> <span class='ocrx_word' id='word_1_166' title='bbox 815 3226 948 3297; x_wconf 88' lang='lat' dir='ltr'><strong>incidit</strong></span> <span class='ocrx_word' id='word_1_167' title='bbox 964 3241 1134 3319; x_wconf 84' lang='lat' dir='ltr'><strong>acutam,</strong></span> <span class='ocrx_word' id='word_1_168' title='bbox 1152 3231 1213 3299; x_wconf 92' lang='lat' dir='ltr'><strong>cui</strong></span> <span class='ocrx_word' id='word_1_169' title='bbox 1230 3254 1287 3301; x_wconf 85' lang='lat' dir='ltr'><strong>so·</strong></span> 
     </span>
     <span class='ocr_line' id='line_1_26' title="bbox 284 3342 1287 3450; baseline -0.004 -30"><span class='ocrx_word' id='word_1_170' title='bbox 284 3373 423 3450; x_wconf 86' lang='lat' dir='ltr'><strong>porosa</strong></span> <span class='ocrx_word' id='word_1_171' title='bbox 442 3345 589 3419; x_wconf 84' lang='lat' dir='ltr'><strong>affectio</strong></span> <span class='ocrx_word' id='word_1_172' title='bbox 608 3346 824 3444; x_wconf 89' lang='lat' dir='ltr'><strong>supervenit</strong></span> <span class='ocrx_word' id='word_1_173' title='bbox 843 3356 933 3414; x_wconf 76' lang='lat' dir='ltr'><strong>‘cum</strong></span> <span class='ocrx_word' id='word_1_174' title='bbox 954 3342 1102 3414; x_wconf 87' lang='lat' dir='ltr'><strong>levibus</strong></span> <span class='ocrx_word' id='word_1_175' title='bbox 1124 3345 1287 3416; x_wconf 90' lang='lat' dir='ltr'><strong>motibus</strong></span> 
     </span>
     <span class='ocr_line' id='line_1_27' title="bbox 286 3460 1286 3541; baseline -0.005 -2"><span class='ocrx_word' id='word_1_176' title='bbox 286 3465 523 3541; x_wconf 70' lang='lat' dir='ltr'><strong>convulsivis,</strong></span> <span class='ocrx_word' id='word_1_177' title='bbox 540 3466 663 3535; x_wconf 86' lang='lat' dir='ltr'><strong>Facies</strong></span> <span class='ocrx_word' id='word_1_178' title='bbox 677 3462 799 3535; x_wconf 92' lang='lat' dir='ltr'><strong>rubet.</strong></span> <span class='ocrx_word' id='word_1_179' title='bbox 816 3460 981 3532; x_wconf 90' lang='lat' dir='ltr'><strong>Tandem</strong></span> <span class='ocrx_word' id='word_1_180' title='bbox 998 3463 1171 3533; x_wconf 87' lang='lat' dir='ltr'><strong>moritur.</strong></span> <span class='ocrx_word' id='word_1_181' title='bbox 1191 3463 1286 3534; x_wconf 89' lang='lat' dir='ltr'><strong>Mul-</strong></span> 
     </span>
     <span class='ocr_line' id='line_1_28' title="bbox 214 3579 1193 3687; baseline -0.012 -28"><span class='ocrx_word' id='word_1_182' title='bbox 214 3676 220 3687; x_wconf 30' lang='lat'><strong>·</strong></span> <span class='ocrx_word' id='word_1_183' title='bbox 284 3599 368 3659; x_wconf 90' lang='lat' dir='ltr'><strong>tum</strong></span> <span class='ocrx_word' id='word_1_184' title='bbox 383 3583 456 3655; x_wconf 89' lang='lat' dir='ltr'><strong>seri</strong></span> <span class='ocrx_word' id='word_1_185' title='bbox 470 3583 509 3651; x_wconf 95' lang='lat' dir='ltr'><strong>in</strong></span> <span class='ocrx_word' id='word_1_186' title='bbox 524 3580 680 3652; x_wconf 86' lang='lat' dir='ltr'><strong>cerebro</strong></span> <span class='ocrx_word' id='word_1_187' title='bbox 694 3580 898 3676; x_wconf 83' lang='lat' dir='ltr'><strong>stagnantis</strong></span> <span class='ocrx_word' id='word_1_188' title='bbox 915 3579 1116 3657; x_wconf 82' lang='lat' dir='ltr'><strong>invenitur.</strong></span> <span class='ocrx_word' id='word_1_189' title='bbox 1189 3638 1193 3647; x_wconf 90' lang='lat'>.</span> 
     </span>
    </p>
   </div>
   <div class='ocr_carea' id='block_1_5' title="bbox 279 3786 1281 3817">
    <p class='ocr_par' dir='ltr' id='par_1_6' title="bbox 279 3786 1281 3817">
     <span class='ocr_line' id='line_1_29' title="bbox 279 3786 1281 3817; baseline 0 -7"><span class='ocrx_word' id='word_1_190' title='bbox 279 3786 1281 3817; x_wconf 43' lang='lat' dir='ltr'><strong>...n-m</strong></span> 
     </span>
    </p>
   </div>
   <div class='ocr_carea' id='block_1_6' title="bbox 324 3940 494 4022">
    <p class='ocr_par' dir='ltr' id='par_1_7' title="bbox 324 3940 494 4022">
     <span class='ocr_line' id='line_1_30' title="bbox 324 3940 494 4022; baseline -0.018 -23"><span class='ocrx_word' id='word_1_191' title='bbox 324 3941 369 4022; x_wconf 73' lang='lat' dir='ltr'><strong>(x)</strong></span> <span class='ocrx_word' id='word_1_192' title='bbox 389 3943 427 3997; x_wconf 88' lang='lat' dir='ltr'><strong>N.</strong></span> <span class='ocrx_word' id='word_1_193' title='bbox 449 3940 494 3998; x_wconf 87' lang='lat'><strong>16.</strong></span> 
     </span>
    </p>
   </div>
   <div class='ocr_carea' id='block_1_7' title="bbox 0 0 1394 4666">
    <p class='ocr_par' dir='ltr' id='par_1_8' title="bbox 0 0 1394 4666">
     <span class='ocr_line' id='line_1_31' title="bbox 0 0 1394 4666; baseline 0 2"><span class='ocrx_word' id='word_1_194' title='bbox 0 0 1394 4666; x_wconf 95' lang='lat' dir='ltr'><strong> </strong></span> 
     </span>
    </p>
   </div>
  </div>
 </body>
</html>
