2782 4668
186 471 254 519 nm.
274 470 307 518 ἰ.
334 471 381 518 nn
406 466 859 535 sionn1scamr1s,nr1sr.
885 468 966 517 vm.
1019 444 1090 542 393
1122 534 1124 543 X

88 582 164 658 bus
175 584 334 683 aliquid,
350 584 440 657 dum
451 585 482 656 is
490 584 606 656 bomo
620 586 779 668 viveret,
792 582 1093 656 animadversum

88 699 206 774 fuerit
226 702 406 800 peculiari
428 701 669 804 adnotatione
690 702 865 801 dignum,
891 702 985 774 scire
1014 725 1093 772 nnn

89 821 222 918 potui,
237 835 280 891 ut
292 844 416 916 neque
434 845 510 916 quo
523 819 673 890 tandem
690 819 825 891 morbo
836 815 1028 893 confectus
1040 841 1094 891 es·

89 951 159 1009 set.
178 940 225 1007 In
241 935 399 1008 cerebro
418 936 522 1034 quod
538 937 584 1007 ad
604 937 847 1009 novissimum
865 937 974 1008 etiam
995 960 1096 1007 mor·

89 1052 189 1125 bum
200 1051 306 1124 facile
316 1055 505 1143 attineret,
522 1053 968 1151 distentavasaconspexi.
983 1051 1095 1141 Quod

89 1192 186 1243 vero
204 1171 252 1242 ad
266 1172 467 1259 insaniam,
486 1171 631 1243 cerebri
639 1174 756 1270 ipsius
768 1171 1014 1244 substantiam
1025 1168 1096 1244 du·

88 1311 193 1377 ram,
213 1312 303 1359 cum·
312 1290 510 1361 interiores
521 1290 711 1386 particulae
729 1288 917 1387 quaedam,
931 1302 968 1359 et
983 1288 1022 1356 in
1036 1285 1096 1358 bis

90 1403 220 1478 fornix
229 1459 239 1492 ,
248 1428 291 1477 ac
299 1407 456 1503 pinealis
467 1406 788 1506 glandula‚essent
798 1406 996 1479 laxissimae.
1010 1406 1097 1477 Erat

90 1538 275 1622 praeterea
290 1523 368 1595 haec
385 1524 559 1621 glandula
571 1524 679 1596 valde
694 1525 867 1624 strigosa,
885 1538 978 1595 etex
990 1519 1095 1594 fusco

89 1638 227 1712 leviter
244 1639 416 1714 subflava.
430 1646 617 1742 'Caeterum
633 1642 735 1738 quod
751 1665 887 1739 aquam
905 1639 974 1713 sub
991 1641 1097 1713 tenui

49 1750 51 1754 ’
90 1758 273 1856 meninge
293 1784 372 1831 non
397 1756 557 1831 defuisse
582 1758 792 1847 indicabat,
811 1758 918 1830 nullo
932 1760 1011 1855 ipsa
1027 1782 1096 1830 ne·

92 1876 239 1974 gotioa
257 1874 434 1964 cerebro,
452 1875 639 1948 cerebello
655 1890 692 1947 et
712 1876 914 1973 oblongata
932 1873 1096 1946 medulla

92 1991 243 2064 detrahi
261 1994 395 2090 potuit.

149 2110 204 2183 13.
231 2114 305 2182 Has
321 2135 384 2182 sex
402 2127 549 2184 nostras
565 2113 784 2211 insanorum
804 2110 1044 2185 dissectiones
1066 2112 1098 2181 si

94 2251 186 2300 cum
204 2251 246 2297 ea
257 2228 498 2323 conjunxeris
510 2254 624 2328 quam
639 2229 708 2301 tibi
726 2229 991 2329 descripsimus
999 2228 1099 2325 epis·
1182 2302 1185 2309 Δ

92 2344 175 2417 tola
192 2349 209 2413 Ι
227 2341 303 2441 (1),
322 2368 529 2443 omnesque
548 2370 634 2417 cum
651 2347 725 2419 illis
741 2369 823 2444 quae
837 2361 901 2418 aut
916 2346 958 2417 in'
973 2343 1100 2442 Sepul-

92 2458 250 2549 chreto,
267 2476 331 2532 aut
344 2463 426 2534 aliis
443 2464 483 2533 in
503 2461 610 2565 libris
633 2463 1099 2559 habentur,.comparave-

92 2579 173 2666 ris3
192 2578 372 2649 continuo
391 2572 599 2676 intelliges,
617 2606 662 2652 ex
677 2581 722 2651 iis
743 2605 825 2676 quae
839 2578 962 2651 caeteri
980 2574 1098 2648 adno-

93 2692 1099 2794 tarunt,nonnullanunquam,aliquararo,quaedam

97 2835 215 2909 saepe,
231 2812 302 2882 alia
320 2836 468 2910 semper
484 2837 506 2884 a
524 2812 635 2886 nobis
661 2814 814 2910 quidem
835 2814 985 2885 inventa
1006 2833 1096 2883 esse.

95 2931 194 3000 Nam
211 2928 481 3026 quodtenuem
492 2932 709 3030 meningem
721 2986 730 3020 ,
741 2930 902 3031 exempli
915 2954 1042 3017 causa,
1053 2955 1101 3001 ne
1197 2964 1199 2968 ’

97 3046 201 3117 ineo
217 3045 371 3142 quidem
390 3046 545 3120 homine
562 3051 629 3146 qui
642 3074 662 3118 a
675 3049 824 3147 philtra
835 3049 973 3148 pariter
985 3046 1102 3119 factus

98 3186 180 3235 esse
199 3162 424 3234 credebatur
442 3165 608 3255 insanus,
624 3172 724 3236 intra
736 3169 876 3239 cerebri
887 3168 1080 3257 anfractus
1088 3221 1099 3255 ,

97 3294 142 3351 ut
162 3278 272 3368 solet,
289 3304 365 3350 non
382 3305 421 3350 se
437 3287 684 3353 insinuantem
693 3282 747 3379 (a)
766 3281 1102 3381 deprehenderim,

98 3421 228 3470 meum
250 3396 320 3469 bac
338 3397 384 3471 de
414 3424 455 3471 re
479 3401 667 3471 silentium
692 3400 855 3473 ostendit
878 3401 916 3472 in
943 3399 1103 3474 lanionis

97 3514 257 3588 historia
274 3513 338 3612 (3)
357 3516 470 3608 Quod
489 3532 612 3589 autem
639 3543 786 3590 vermes
815 3543 895 3589 non
921 3518 1037 3590 modo
1061 3521 1101 3593 in

138 3799 184 3877 (ι)
206 3801 245 3858 N·

136 3898 183 3976 (a)
206 3901 362 3975 Sepulchr.
377 3905 396 3958 l.
406 3923 445 3976 «ι,
461 3923 483 3962 s.
498 3924 533 3981 9,
552 3906 584 3962 in
595 3906 697 3963 Addit.
710 3906 782 3962 Obs.
799 3924 824 3960 1.

138 3996 184 4075 (3)
206 4000 324 4076 Supra,
339 4021 369 4057 n.
387 4001 414 4057 6.
