2774 4670
329 410 401 496 480
504 432 550 479 nr
577 404 792 480 sannus'ar
818 429 941 477 causis
967 426 1177 477 nonronuu

334 545 560 632 substantia,
595 546 738 642 quippe
781 552 896 641 aequo'
932 544 1088 630 durior,
1121 542 1321 625 resistebat,

335 678 555 758 quantoque
573 661 698 731 miuus
716 662 755 729 in
779 660 1076 731 ventriculorum
1093 684 1210 746 cavo,
1233 657 1322 754 quod

337 779 564 875 caeteroquin
594 775 800 848 secuudum
830 791 1022 865 naturam,
1049 778 1079 847 si
1107 800 1209 862 non,
1233 772 1321 871 quod

336 894 450 991 aliqui
465 893 720 977 contendunt,
737 893 906 982 nullum3
922 909 959 965 at
978 910 1078 965 certe
1088 895 1266 989 exiguum
1275 916 1322 961 re·

337 1035 424 1080 vera
442 1027 517 1095 est,
533 1013 896 1108 quantopinquam,
914 1012 1043 1081 minus
1054 1012 1092 1079 in
1103 1035 1148 1080 eo
1157 1024 1324 1079 cavoerat

337 1129 443 1224 spatii
460 1128 510 1198 ob
528 1129 706 1221 majorem
729 1127 881 1195 alterius
894 1127 1009 1196 striati
1027 1127 1201 1222 corporis
1215 1141 1322 1224 protu-

337 1242 564 1327 tenatiam,
591 1244 665 1314 sive
693 1242 771 1311 haec
797 1266 815 1310 a
845 1241 1062 1338 primordiis
1091 1241 1237 1330 luerat,
1263 1244 1322 1313 sive

337 1375 466 1456 postea
484 1375 638 1457 propter
648 1361 734 1429 illos
755 1382 891 1455 poros,
905 1359 1006 1428 intus
1025 1358 1198 1448 abditos,
1212 1362 1263 1431 sic
1279 1386 1322 1430 ex·

337 1494 523 1549 creverat:
547 1478 845 1550 ventriculorum
872 1491 997 1547 autem
1024 1476 1172 1547 cerebri
1203 1479 1243 1546 in
1261 1477 1322 1573 epi·

337 1596 475 1692 leptico
502 1600 608 1665 nimir
626 1610 868 1690 angustorum
886 1593 1048 1690 aliquam
1067 1609 1178 1692 potes
1206 1597 1244 1664 in
1274 1597 1323 1663 Se·

337 1711 535 1808 pulchreto
564 1709 864 1781 observationem
894 1707 949 1805 (ι)
977 1710 1177 1807 inspicere.
1209 1708 1277 1781 Sed
1301 1710 1325 1780 si
1375 1790 1376 1795 ἵ

338 1829 454 1899 mavis
470 1852 575 1923 aquae
591 1827 687 1898 nihil
708 1853 727 1897 e
757 1828 887 1899 cranio
911 1825 1132 1915 defluxisse,
1148 1844 1199 1899 et
1223 1827 1277 1897 vel
1296 1827 1325 1893 in
1375 1830 1376 1891 3

338 1941 484 2010 vivente
505 1965 661 2037 paucam
673 1937 806 2028 fuisse3
824 1941 894 2012 hac
905 1968 1060 2040 quoque
1071 1936 1223 2015 ratione
1234 1966 1324 2015 causa
1375 1986 1376 1991 κ

338 2080 418 2127 esse
436 2058 620 2153 praecipua
637 2060 759 2155 potuit
773 2059 1076 2158 istius'epilepsiae
1087 2117 1096 2151 ‚
1107 2088 1195 2159 quae
1207 2085 1324 2158 nempe

339 2189 434 2244 esset
460 2198 545 2247 cum
572 2178 805 2272 proclivitate
836 2176 882 2247 ad
909 2200 1100 2266 somnum,
1123 2192 1160 2249 et
1185 2198 1325 2249 cumea

339 2315 421 2386 quae
436 2290 533 2360 hanc
551 2289 627 2362 fere
642 2296 886 2391 consequitur
896 2294 1164 2392 ,·desipientia,
1184 2311 1249 2368 aut
1264 2318 1325 2391 spe·
1374 2316 1375 2359 t

310 2426 320 2431 “
339 2409 394 2478 cie
404 2410 533 2479 saltem
549 2409 776 2507 desipienti&
788 2414 993 2507 conjuncta
1011 2414 1062 2484 sic
1080 2410 1227 2500 ferme,
1243 2427 1280 2483 ut
1295 2412 1324 2478 in

340 2526 586 2599 somnolentis
600 2528 781 2600 videmus.
799 2534 891 2601 Nam
911 2547 954 2601 ut
969 2555 1089 2628 pauca
1106 2555 1209 2627 aqua
1226 2528 1324 2600 fomi-

340 2667 421 2714 cem
437 2644 561 2714 minus
578 2660 785 2741 premerem
811 2647 888 2742 jam
911 2647 1038 2717 ‘laxum
1063 2662 1195 2717 tamen
1228 2642 1323 2741 magis

338 2760 503 2846 laxabat,
528 2785 650 2857 eoque
681 2761 883 2842 hominem<
898 2763 1198 2833 somniculosum
1225 2761 1324 2832 facere
1373 2832 1374 2835 ,

339 2894 495 2975 poterat.
522 2880 626 2968 Qui?
645 2881 804 2976 inquies.
829 2881 1013 2951 Nimirum
1039 2880 1129 2976 quia
1149 2904 1239 2950 cum
1256 2898 1325 2947 usus

270 3066 278 3083 ,
333 2994 496 3069 fornicis
505 2998 634 3081 lateat,
652 2995 746 3065 nihil
762 2998 942 3094 suspicari
950 3013 1048 3069 vetat
1057 3021 1137 3068 esse
1150 2991 1327 3092 ejusmodi,

342 3130 384 3186 ut
410 3116 441 3185 si
467 3115 585 3184 laxior
604 3114 671 3199 sit,
697 3111 900 3185 dormitare
924 3128 1109 3211 oporteat.
1136 3115 1207 3184 Hic
1227 3108 1325 3208 jocari
1372 3166 1373 3215 3

339 3256 402 3303 me
418 3229 514 3303 forte
531 3231 671 3302 credes.
694 3234 806 3328 Atqui
833 3234 883 3302 ita
902 3234 1031 3329 jocor,
1057 3247 1099 3303 ut
1115 3231 1325 3304 contendam

341 3349 531 3421 neminem
548 3365 673 3420 tamen
693 3373 772 3420 esse
784 3351 857 3446 q'ui
876 3352 993 3447 possit
1006 3338 1128 3421 meam
1145 3353 1265 3449 reipsa
1276 3345 1323 3417 lal
1372 3332 1373 3357 ¹

341 3489 418 3536 sam
436 3490 514 3535 esse
532 3468 782 3564 suspicionem
810 3466 1077 3539 demonstrare.
1100 3468 1175 3539 Sed
1203 3464 1324 3537 aufera-

248 3609 252 3619 ’
340 3607 425 3654 mus
447 3582 548 3665 haec;
576 3582 728 3680 quando
750 3598 787 3653 et
802 3583 1019 3655 dormitatio
1042 3586 1167 3683 repeti
1192 3582 1324 3655 fortasse

343 3790 1320 3821 ————————-—-——-AE———--*

381 3940 424 4017 (1)
446 3942 523 3997 Sect.
539 3942 595 3999 hac
611 3960 661 4013 ra,
676 3942 742 4000 obs.
760 3943 798 4001 28
811 3952 841 3999 et
852 3960 901 4018 ²9·
955 4006 961 4013 ,
