2774 4666
300 405 377 475 Ι908
472 427 518 472 nn
544 424 688 475 sturnus
713 426 757 470 ar
782 424 904 471 causis
930 423 1138 471 uoneonuu

305 541 399 612 boni
424 553 549 610 tamen
576 537 722 608 coloris.
752 538 871 608 Nocte
905 562 987 633 quae
1017 535 1104 608 finis
1127 550 1206 608 erat
1232 536 1302 607 diei

307 658 420 746 sexti,
439 654 574 726 mulier
589 653 686 746 bene
702 653 841 723 dormit
860 680 867 721 :
892 678 1022 741 mane,
1045 664 1088 724 ut
1111 653 1231 725 lectus
1245 679 1304 724 re-

307 774 578 858 concinnetur,
593 770 732 867 surgit,
748 750 932 866 tuncque,
947 766 1197 867 ipsafatente,
1213 773 1303 841 vires

306 905 491 991 praestant.
523 886 672 974 Febris,
701 911 783 983 quae
812 888 997 958 matutino
1027 902 1201 984 tempore
1231 887 1304 956 aliis

306 1006 440 1078 diebus
455 1004 675 1103 ingruebat,
689 1028 768 1073 non
790 1002 913 1074 redit:
933 1003 1044 1091 dolor
1073 1005 1207 1101 capitis
1232 1028 1304 1072 om·
1380 1020 1381 1041 ³

306 1125 400 1194 nino
417 1136 636 1194 evanuerat:
649 1145 743 1218 aegra
757 1121 834 1215 jam
851 1120 922 1191 sibi
939 1147 984 1192 ex
998 1119 1134 1192 morbo
1152 1121 1304 1190 evasisse

1379 974 1381 1015 l

305 1240 529 1315 videbatur:
551 1228 680 1336 pulsus
703 1236 965 1333 prementibus
989 1237 1111 1335 digitis
1131 1236 1234 1308 bene
1253 1261 1305 1305 re·
1381 1328 1382 1335 p

308 1355 485 1430 sistebat:
506 1353 615 1427 sacies
631 1369 755 1425 tamen
772 1352 953 1450 quiddam
972 1352 1137 1425 habebat
1158 1353 1305 1424 cadave-
1381 1368 1382 1397 ³

307 1476 394 1547 rosi.
412 1472 614 1546 Prandium
625 1487 726 1544 recte
743 1472 916 1568 sumpsit;
927 1471 1047 1565 major
1057 1485 1185 1541 tamen
1202 1470 1304 1542 solito

309 1606 387 1665 erat
405 1592 490 1662 sitis.
513 1589 659 1660 Deinde
678 1613 763 1658 cum
785 1587 943 1659 muliere
958 1585 1121 1682 quadam
1139 1587 1305 1659 alacriter

308 1708 488 1804 loquitur.
499 1706 570 1777 Vix
580 1702 1049 1790 haecmulierdiscesserat‚
1065 1728 1152 1773 cum
1163 1703 1307 1775 rediens

308 1826 349 1894 in
366 1821 584 1892 cubiculum
599 1818 674 1889 filia
688 1834 875 1890 mortuam
889 1819 1041 1891 invenit.
1052 1824 1189 1892 Lectus
1204 1821 1306 1892 urina
1382 1856 1383 1867 κ

308 1938 494 2014 madebat.

359 2054 555 2127 Cadaveris
572 2056 667 2126 cutis
683 2052 799 2126 ferme
816 2070 894 2126 tota
918 2057 1139 2153 purpureis,
1157 2056 1206 2127 ad
1224 2056 1308 2127 dor-

312 2197 393 2245 sum
420 2174 644 2269 praesertim,
671 2187 707 2244 et
727 2174 769 2243 in
784 2174 930 2245 cunctis
952 2173 1130 2261 artubus,
1155 2175 1309 2245 maculis

211 2286 219 2305 ¹
310 2289 541 2361 rubescebat.
568 2293 708 2361 Ventre
730 2305 881 2387 operm,
897 2290 1128 2362 ventriculus
1151 2313 1310 2388 parvus,
1383 2344 1384 2351 κ

308 2408 505 2492 intestina,
525 2422 562 2503 et
576 2431 685 2479 renes
699 2404 834 2479 florido
850 2409 1032 2505 sanguine
1048 2406 1228 2478 nonnihil
1236 2424 1309 2479 tur·

309 2526 434 2623 gentis
448 2578 458 2612 ‚
471 2522 652 2609 flaccidas
665 2525 762 2612 lien,
785 2521 880 2596 fellis
895 2525 1058 2596 vesicula
1079 2549 1180 2605 cum.
1191 2549 1308 2622 pauca

308 2642 385 2715 bile
410 2643 661 2739 reperiuntur.
691 2645 735 2710 In
764 2640 918 2713 thorace
945 2642 1146 2739 pulmones
1172 2641 1311 2741 pleurae

308 2783 497 2857 nusquam
510 2757 759 2845 adhaerentes,
774 2758 935 2855 turgidi,
950 2759 1066 2856 nigris
1075 2758 1233 2831 maculis
1245 2758 1310 2832 dis

297 2878 434 2968 tincti,
452 2901 472 2946 a
489 2888 595 2973 tergo
611 2878 791 2973 sanguine
806 2875 1005 2948 rubebant.
1025 2876 1158 2949 Cordis
1174 2877 1311 2947 ventri·

309 2994 417 3065 culus
440 2994 569 3065 dexter
594 2995 764 3090 exiguam
788 2993 1009 3091 polyposam
1027 2996 1310 3066 concretionem

233 3176 237 3181 .
308 3109 482 3187 hahebat.
505 3115 687 3181 Caeterum
712 3111 796 3197 hic,
827 3126 864 3181 et
887 3110 1029 3208 ubique
1053 3112 1205 3207 sanguis
1232 3126 1312 3182 erat

307 3226 415 3297 valde
432 3226 579 3297 fluidus.
603 3230 739 3299 Granio
769 3243 938 3316 exsecto,
956 3228 1047 3298 dum
1070 3228 1270 3299 cerebrum
1290 3254 1310 3300 a

309 3345 442 3440 spinali
465 3344 629 3416 medulla
653 3345 908 3432 dividebatur,
939 3347 1096 3419 crassius
1124 3348 1312 3417 emanavit

226 3506 229 3517 ·
308 3485 444 3531 serum.
471 3461 576 3531 Circa
593 3477 746 3532 tenuem
771 3461 1214 3558 meningem,gelatz'reosa
1233 3477 1313 3533 erat

310 3565 1313 3677 concreti03inventriculisse'ripaululum.Cerebrum

306 3694 431 3791 ipsum
449 3694 626 3765 nonnihil
644 3690 852 3769 flaccidum.

361 3836 414 3882 ιο.
435 3813 510 3882 Etsi
534 3814 800 3885 constitueram
831 3816 929 3886 inter
949 3814 1016 3886 has
1032 3815 1206 3913 quinque
1228 3815 1315 3885 Val-

308 3929 413 4000 salvae
427 3928 601 4002 historias
611 3929 948 4030 nihilinterjicere‚
963 3947 1088 4002 tamen
1100 3929 1223 4004 facere
1232 3957 1313 4002 non
