2798 4668
331 434 399 533 592
425 456 428 463 ’
489 459 536 505 nr
562 455 708 505 surinus
733 458 777 503 rr
803 455 927 504 causis
951 455 1162 503 uonnonoir

328 570 579 668 aliquot,alias
587 566 765 642 omnibus
772 567 1111 667 vertebris,etaqua
1120 581 1262 665 urgente
1269 566 1306 634 in

328 686 482 757 volnera
492 686 644 784 spinalis
654 685 825 758 medullae
837 713 847 775 ;
857 687 1101 773 aliasminor‚
1116 684 1203 755 alias
1211 683 1306 776 major

330 804 369 873 in
384 805 498 900 spinae
511 805 719 900 posteriore
732 800 824 875 facie
833 818 960 875 tumor
972 805 1111 890 existit,
1124 801 1307 901 quihydro

328 919 487 1017 cephalo
505 935 560 992 est
574 919 764 1018 analogus.
782 920 992 992 Dehiscunt
1005 935 1134 992 autem
1145 918 1306 991 vertebra·

269 1099 271 1103 ,
327 1061 412 1107 rum
426 1062 507 1109 ossa
520 1036 573 1108 ibi
585 1039 821 1134 potissimum
833 1036 900 1108 ubi
918 1037 1026 1109 sedes
1037 1036 1165 1109 futura
1176 1051 1228 1110 est
1237 1059 1305 1132 pro

328 1178 499 1227 cessuum
514 1180 611 1251 quos
621 1157 746 1252 spinas
757 1169 907 1243 vocant,
923 1179 1003 1225 non
1019 1169 1188 1243 tantum,
1203 1169 1241 1225 ut
1249 1177 1307 1224 ere

326 1271 434 1359 dunt,
445 1273 532 1369 quia
545 1271 599 1341 ibi
611 1285 702 1341 tunc
723 1293 806 1342 ossa
818 1270 1125 1366 disjunctam,
1142 1296 1226 1342 nam
1239 1282 1306 1340 sunt

327 1385 654 1462 etiamalateribus
662 1386 830 1483 sejuncta
838 1410 913 1483 qua
920 1386 967 1457 ad
975 1387 1233 1459 vertebrarum
1244 1410 1306 1457 cor·

325 1530 418 1603 pora
431 1519 705 1593 annectuntur,
724 1503 789 1577 sed
805 1505 981 1602 insuper,
1000 1519 1043 1576 ut
1059 1495 1134 1605 ego
1149 1506 1304 1589 arbitror,

328 1626 416 1722 quia
425 1625 538 1722 longe
551 1626 676 1695 minor
688 1623 737 1695 ad
754 1625 947 1722 spinarum
965 1624 1234 1723 sedem,quam
1248 1621 1306 1691 ale

322 1741 484 1839 tomiano,
497 1742 703 1814 resistentia
723 1755 778 1814 est
793 1742 1059 1840 impositorum
1069 1741 1306 1816 musculorum

325 1872 363 1929 et
380 1858 590 1931 tendinum.
610 1861 686 1928 Cur
701 1882 791 1928 vero
809 1858 841 1931 is
858 1873 987 1929 tumor
995 1865 1186 1930 rarissime
1198 1882 1305 1931 oecur-

324 1983 440 2048 rato'n
457 1979 647 2067 inferiore,
669 1991 708 2046 et
724 1981 908 2047 exteriore
918 1992 1036 2075 parte
1048 1984 1143 2049 orsis
1159 1982 1261 2062 seen,
1273 1990 1304 2044 ut

322 2094 662 2190 experientissimus
680 2092 942 2166 anidmavertit
954 2095 1240 2193 Ruyschius(1);
1255 2096 1305 2166 mi.
1366 2108 1367 2119 ¹

323 2224 426 2281 ratus
438 2208 493 2305 (a)
518 2234 594 2280 non
613 2235 690 2281 esse
696 2211 995 2309 frequentiorem
1015 2217 1054 2282 in
1070 2213 1176 2285 dieta
1187 2228 1302 2314 porte,
1366 2198 1367 2211 ¹

322 2342 366 2399 ut
384 2354 465 2426 quae
482 2333 674 2427 semperin
690 2330 860 2402 naturali
871 2346 974 2403 statu
986 2331 1303 2404 hiats’Causames·
1366 2376 1367 2423 3

323 2470 379 2533 se,
392 2447 547 2543 opinor,
558 2444 662 2544 quod
676 2446 868 2519 crassioris
882 2446 1070 2546 meningis
1082 2447 1211 2536 tubus,
1221 2445 1302 2543 equi·
1366 2488 1367 2497 κ

322 2588 427 2651 nam,
455 2579 497 2635 ut
524 2578 677 2648 vocant,
701 2562 873 2637 medullae
898 2564 1057 2636 caudam
1087 2590 1177 2636 cum
1201 2586 1302 2661 aque,

323 2678 369 2749 de
389 2704 463 2776 qua
478 2678 567 2750 alibi
583 2679 638 2776 (3)
657 2680 893 2771 dictumest,
917 2685 1026 2782 eopia
1048 2684 1178 2780 aliqua
1195 2680 1248 2753 vel
1261 2703 1301 2751 se·

323 2796 491 2867 cundum
502 2811 695 2887 naturam,
711 2800 927 2889 continens,
945 2800 993 2871 ad
1010 2801 1113 2882 illam
1131 2800 1300 2899 usquein·

322 2914 449 2985 fimam
467 2914 709 3013 hiantemque
741 2933 886 3016 partem
908 2942 987 2991 non
1013 2919 1218 2992 deseendit.
1242 2917 1298 2988 tti-

320 3031 474 3130 quando
491 3047 616 3104 tamen
628 3034 808 3106 morbidae
827 3061 932 3133 aquae
945 3038 983 3106 vi
995 3035 1176 3109 deorsum
1186 3047 1297 3134 urgeo·

319 3166 374 3241 te,
395 3151 483 3220 illuc
500 3152 715 3247 pervenire,
735 3156 773 3222 et
790 3152 975 3225 distentus
993 3167 1206 3227 extrorsum
1214 3152 1300 3247 ,ejus-

321 3267 513 3338 demmodi
523 3265 642 3339 faeere
652 3284 841 3341 tumorem
850 3272 1125 3369 potesttitaque
1135 3273 1190 3344 ibi
1199 3271 1298 3352 etiam,

319 3386 434 3456 semel
449 3385 660 3481 Ruyschius
682 3388 736 3485 (4)
756 3388 866 3476 vidit,
881 3404 917 3460 et
938 3414 1009 3461 nos
1025 3392 1135 3464 annis
1151 3387 1295 3488 superio

374 3708 402 3785 ι)
423 3707 495 3766 obs.
509 3711 597 3764 Anat.
616 3711 698 3766 Chir.
714 3712 761 3776 34.

372 3808 402 3883 a)
422 3809 501 3864 Ibid.
516 3810 589 3865 Obs.
606 3808 652 3875 35.

369 3907 385 3963 3
421 3907 515 3981 Epist.
532 3911 577 3979 ΙΙ,
595 3929 625 3964 n.
643 3910 689 3965 16.

358 3704 370 3785 i

356 3806 369 3884 (

355 3905 367 3982 (
388 3908 400 3983 )

357 4004 401 4082 (4)
421 4007 493 4065 obs.
509 4008 559 4064 eit.
573 4007 621 4066 35.
