2784 4668
286 447 355 535 154
449 472 495 517 nr
522 470 669 517 srnrrns
688 471 737 518 nr
762 468 887 516 causis
913 446 1125 521 moruorum

281 568 456 657 naturam
474 607 513 655 se
532 581 755 671 habentem,
772 597 818 654 ut
842 580 955 681 pulsu
977 606 1155 679 quoque,
1180 583 1289 651 nimi-

281 706 368 775 rum
386 715 542 799 vegete,
564 715 601 772 et
616 701 833 789 resistente,
856 698 965 772 nullo
984 700 1141 797 insuper
1160 698 1206 770 de
1220 698 1287 769 do·

282 819 383 907 lore,
402 832 467 889 aut
490 817 659 889 molestia
678 819 811 916 capitis
830 832 1076 917 querentem,
1094 817 1167 889 nisi
1184 815 1287 914 quod

282 937 354 1010 sibi
374 937 636 1009 somnolentus
659 938 862 1011 videretur.
886 944 966 1009 Hoc
984 961 1095 1025 vero,
1116 950 1154 1007 et
1172 935 1288 1032 magis

195 1108 198 1117 .
284 1080 366 1153 quae
386 1079 498 1153 supra
511 1058 679 1143 narravi,
698 1056 769 1126 alia
783 1054 871 1127 cum
885 1055 1139 1142 attenderem,
1168 1053 1290 1123 multo

284 1173 494 1270 graviorem
509 1171 693 1243 insultum
707 1188 898 1261 metuens,
913 1172 1074 1244 alterum
1089 1172 1157 1268 qui
1175 1193 1291 1243 sacer·

284 1288 433 1401 dopem,
455 1289 617 1361 alterum
635 1290 703 1386 qui
722 1290 944 1389 chirurgum
961 1290 1143 1377 advocet,
1160 1290 1290 1359 mitto:

285 1408 506 1505 sanguinem
525 1405 575 1477 de
592 1406 771 1479 bracchio
791 1431 883 1480 sano
909 1406 956 1478 ad
983 1408 1121 1503 justam
1144 1406 1293 1502 copiam

286 1524 408 1596 statim
427 1524 557 1612 educi,
585 1523 743 1595 subacre
764 1523 904 1620 clysma
930 1524 1122 1621 apparari,
1155 1520 1293 1592 deinde

287 1642 429 1714 succini
443 1643 583 1730 oleum,
596 1641 703 1738 quod
717 1640 765 1717 ad
780 1665 891 1715 nares
904 1640 1065 1712 subinde
1080 1627 1304 1710 admovere-⁴

286 1772 368 1846 tur,
389 1756 535 1846 afferri,
553 1757 698 1852 jubeo,
727 1758 899 1855 spiritum
927 1781 1018 1828 vero
1047 1757 1131 1828 salis
1154 1779 1295 1855 ammo·
1380 1754 1381 1757 ’

287 1876 386 1944 niaci
405 1875 542 1947 diserte
557 1899 700 1962 renuo,
724 1876 886 1963 veritus,
899 1901 954 1947 'ne
979 1875 1066 1973 plus
1086 1894 1298 1969 equo-san·
1380 1882 1381 1957 j

289 1992 413 2089 guinis
433 2007 580 2062 motum
602 1993 809 2064 concitaret
817 1974 864 2081 ,a
883 2018 962 2090 quo
980 1993 1135 2065 exitium
1155 1992 1296 2062 instare
1380 2016 1381 2087 j

288 2128 417 2204 posse,
436 2108 624 2205 praedico:
646 2124 776 2187 caetera
798 2110 880 2205 ejus
898 2108 1078 2198 medicis,
1104 2132 1202 2206 quos
1235 2107 1298 2178 ad·
1380 2136 1381 2199 j

288 2238 442 2295 ventare
467 2224 657 2315 sciebam,
683 2227 880 2324 permitt0,
899 2227 1135 2324 domumque
1167 2225 1296 2298 redeo.
1380 2316 1381 2321 ἵ

289 2345 430 2411 Eorum
445 2342 557 2412 alicui
574 2343 716 2440 placuit
736 2346 922 2431 vomitum
948 2345 1072 2415 ciere:
1094 2343 1201 2441 quod
1223 2362 1298 2414 nec
1380 2428 1381 2447 χ

290 2458 385 2529 mihi
398 2474 507 2531 antea
519 2460 789 2559 displicuisset,
807 2463 888 2533 sica
904 2461 1182 2560 duntaxatquae
1199 2463 1298 2560 ipse,
1380 2484 1381 2545 Τ

293 2580 1300 2678 spectassem.Verumpostvomitionumagitationem,

292 2719 381 2764 mox
399 2694 493 2765 hora
507 2698 630 2769 noctis
644 2698 792 2769 circiter
810 2696 943 2794 quinta
961 2694 1119 2769 morbus
1126 2723 1172 2769 eo
1182 2722 1299 2795 quem

295 2811 494 2910 descripsi,
509 2828 615 2886 tanto
635 2816 965 2914 gravioraccessit,
979 2830 1023 2886 ut
1030 2813 1183 2912 loquela
1191 2830 1300 2912 pror·

296 2953 358 3001 sus
379 2931 631 3029 amitteretur,
654 2947 791 3004 stertor
806 2933 1013 3030 inciperet,
1041 2957 1128 3003 cum
1155 2935 1301 3032 magnis

294 3048 442 3144 iisque,
463 3064 505 3119 ut
524 3051 679 3147 opinor,
699 3050 926 3122 convulsivis
945 3051 1115 3149 corporis
1132 3050 1302 3122 motibus
1380 3122 1381 3153 ἶ

295 3179 408 3260 atque
426 3165 635 3238 conatibus.
656 3172 787 3265 Itaque
806 3168 986 3266 postridie
1002 3193 1111 3238 mane
1126 3182 1303 3238 mortuus

297 3293 362 3350 est.
811 3308 813 3315 ¹
1040 3292 1060 3307 ”

346 3401 467 3494 Caput
496 3398 617 3496 pridie
646 3422 786 3487 nonae,
811 3417 1096 3499 merpraesente,
1124 3399 1301 3473 dissecari

294 3514 403 3610 jubet
429 3517 679 3614 amplissimus
700 3520 849 3589 Praetor.
872 3519 1028 3591 Meninx
1049 3541 1170 3590 crassa
1195 3534 1301 3591 tanto
1380 3574 1381 3587 2

298 3636 453 3722 arctius,
477 3658 591 3732 quam
609 3633 722 3722 solet,
738 3634 904 3705 calvariae
919 3635 1151 3724 adherebat,
1169 3653 1214 3708 ut
1228 3663 1303 3709 ma·
1380 3658 1381 3729 j

299 3776 372 3848 gna
384 3753 420 3821 ri
439 3776 535 3850 opus
554 3748 667 3822 fuerit
684 3750 731 3821 ad
752 3751 851 3823 hanc
869 3754 1114 3826 avellendam.
1130 3758 1221 3826 Erat
1240 3779 1304 3828 au·

297 3883 374 3939 tem
392 3870 454 3939 illa
473 3868 653 3965 subnigra
667 3894 872 3957 aversorum
886 3871 1144 3969 plenitudine,
1164 3874 1231 3946 sed
1239 3875 1304 3944 mi·

297 4011 462 4074 norum3
499 4011 587 4066 nam
614 3987 718 4059 sinus
748 3985 851 4061 falcis
875 3991 998 4062 inanis
1017 3986 1098 4061 fuit.
1125 3993 1170 4060 In
1197 3990 1303 4063 tenui
