2784 4668
216 450 285 500 nm.
315 451 339 499 1.
368 446 901 516 nr·uoantselrrr1s,artsr.
930 454 970 500 ιι.
1027 422 1035 432 ³
1047 456 1092 530 97
1154 488 1176 508 ,.

85 587 205 663 quem
217 565 273 637 ibi
288 565 496 665 indicatum
515 565 625 637 abeo
644 588 744 655 esse,
759 581 912 664 utputa
932 569 1094 669 catalepa

84 682 178 772 sim,
200 697 268 754 aut
278 681 393 778 hujus
407 681 588 769 similem,
604 707 743 781 nempe
756 706 869 780 quem
881 709 967 755 raro
977 686 1096 759 videa·

84 823 197 888 mus,
220 800 262 869 in
288 823 366 896 quo
392 814 429 871 et
450 820 590 897 corpus
604 815 642 872 et
656 824 764 898 mens
781 815 945 898 stupeat,
967 817 1004 873 et
1027 807 1095 900 qui

82 911 150 986 flat
164 915 362 987 interdum
380 917 457 988 ictu
474 912 660 1005 fulminis,
682 915 785 988 unde
804 919 914 988 etiam
939 921 1094 1016 proprie

81 1032 237 1107 attoniti
250 1031 340 1104 dicti
352 1046 448 1104 sunt.
466 1031 534 1130 (ι).
551 1036 596 1102 Et
606 1031 803 1131 sperabam
820 1032 996 1130 quidem,
1012 1059 1093 1106 sus·

85 1149 282 1246 picionem
294 1173 416 1220 meam
430 1146 665 1236 confirmari,
685 1164 723 1221 et
735 1150 919 1221 rationem
930 1151 1095 1248 aliquam

84 1264 366 1339 emendationis
385 1291 430 1337 ex
449 1265 560 1365 (laelio
578 1266 779 1339 Aureliano
796 1265 940 1337 hauriri
960 1291 1092 1365 posse,

84 1386 153 1481 qui
174 1379 297 1456 fusius
317 1378 642 1480 quam'veterum,
665 1386 731 1482 qui
754 1385 966 1482 supersint,
983 1387 1094 1482 ‘quis-

84 1525 221 1598 quam,
244 1500 292 1572 de
317 1500 516 1597 catalepsi,
535 1498 650 1571 verba
676 1496 815 1572 faciens
839 1500 917 1597 (a),
934 1501 1092 1592 docuit,

85 1621 150 1716 qui
167 1619 288 1716 primi
303 1617 394 1689 olim
407 1616 455 1688 ab
468 1616 549 1688 aliis
557 1616 701 1689 morbis
709 1616 813 1688 hunc
826 1622 1093 1717 separaverint,

85 1749 121 1807 et
131 1734 174 1806 id
192 1735 362 1807 nominis
374 1735 643 1832 imposuerint,
660 1750 697 1805 et
715 1759 794 1831 quo
804 1736 1097 1833 quisquemodo‘

85 1851 314 1924 curaverint.
325 1849 395 1923 Sed
406 1850 586 1947 angustiis
600 1850 781 1946 temporis
790 1850 980 1939 exclusus,
994 1868 1031 1925 et
1043 1856 1094 1924 in·

85 1969 299 2041 constantia
323 1966 505 2065 quadam,
524 1966 686 2037 librariis
704 1964 835 2038 ‘forsan
855 1969 1093 2067 imputanda,

83 2085 274 2175 tardatus,
302 2108 389 2156 cum
407 2088 665 2155 Ascnrrmnnu
689 2083 897 2183 cotalepsin
919 2082 1092 2185 appella·

85 2210 189 2292 mise,
205 2226 300 2274 mox
312 2216 438 2274 autem
456 2220 592 2272 novum
612 2221 690 2269 non
706 2197 849 2270 dedisse
866 2222 1022 2289 nomen,
1040 2202 1089 2275 le·

85 2344 240 2421 gamus,
258 2318 325 2392 sed
339 2318 418 2414 ejus
433 2318 633 2389 sectatores
655 2313 861 2413 catalepsin
876 2324 1064 2391 vocawtse
1075 2324 1103 2408 ς’

83 2438 277 2537 longioris
289 2458 413 2533 operae
432 2440 511 2506 esse
528 2430 670 2543 credidi
691 2454 772 2502 rem
787 2431 992 2523 discutere,
1016 2458 1089 2508 nec
1151 2514 1156 2522 ,

84 2560 189 2631 Cnnsr
203 2554 440 2626 cinationem
453 2550 561 2622 volui
575 2574 662 2621 cum
674 2550 926 2640 anmsoms,
943 2553 1008 2648 qui
1020 2577 1088 2623 nu·

85 2697 150 2773 per
162 2675 330 2759 vixerat,
348 2671 542 2741 curatione
563 2664 791 2765 comparare.
807 2671 897 2757 Qu'ae
916 2682 958 2739 tu
974 2665 1086 2742 facias

27 2780 30 2785 ‘
81 2804 246 2877 'censeo,
261 2813 341 2860 non
355 2802 431 2863 tam
446 2768 530 2856 rirea
539 2786 752 2882 suspicione
762 2781 959 2872 adductus,
972 2808 1090 2882 quam

86 2909 225 2980 summi
241 2906 314 2977 viri
329 2904 515 3003 opinione
533 2918 728 3000 permotus
753 2900 914 2971 Gerordi
929 2904 1088 2973 Swmrr·

86 3047 155 3115 mr,
179 3031 436 3098 Cresareorum
454 3014 737 3092 Archiatrorum
754 3019 909 3090 Comitis
927 3021 1087 3092 meritis·

86 3143 176 3215 simi.
210 3142 329 3239 Cujus
354 3137 720 3212 Commentariorum
753 3135 808 3233 (3)
834 3135 1012 3208 volumen
1035 3140 1087 3207 III

86 3261 198 3351 mihi,
216 3260 315 3331 hanc
330 3257 524 3357 epistolam
534 3254 735 3353 relegenti,
749 3252 913 3351 benigne
928 3254 1084 3326 missum
1147 3320 1149 3325 ,

87 3399 169 3449 cum
186 3401 398 3463 versarem,
412 3375 557 3474 gavisus
571 3396 676 3459 sum,
697 3370 866 3442 eamdem
886 3372 1084 3468 utriusque

85 3511 257 3569 nostrum
276 3493 532 3588 conjecturam
544 3487 666 3581 fuisse.
678 3490 800 3578 Quam
809 3488 882 3560 nisi
896 3491 1080 3586 sequaris3

117 3762 162 3840 (ι)
183 3761 305 3819 Servius
320 3759 359 3816 ad
371 3779 402 3815 v.
419 3775 491 3830 172,
505 3758 526 3813 l.
539 3757 570 3825 3,
582 3755 699 3811 AEneid.

118 3861 160 3940 (a)
180 3865 270 3919 Acut.
287 3862 365 3916 Mor.
381 3859 402 3914 l.
418 3876 450 3929 ι,
467 3877 492 3914 e.
509 3874 557 3927 ro,
575 3874 624 3928 ιι,
642 3872 694 3928 ra,
712 3849 1051 3926 etchronic.1.2,e.5.

117 3954 594 4039 (3)1nnoerh.Aptor.§1007.
1017 3951 1018 3954 ’

152 4082 183 4135 t·
690 4037 763 4065 “
863 4072 905 4139 -7
