2774 4670
200 461 266 509 tra.
295 465 319 511 1.
348 462 874 526 nnuoarrscar1r1s‚rrrsr.
901 467 935 509 x.
1000 439 1067 538 517

66 598 247 648 venarum
258 576 440 663 adstricti,
454 577 673 673 sanguinem
684 576 862 647 duntaxat
872 579 1070 669 morand'0,

69 695 141 765 sive
158 693 205 763 ad
224 716 461 791 gangraenam
478 717 598 789 usque
615 691 832 781 retinend0,
855 719 935 764 eam
945 698 1071 795 nigre-

68 810 194 880 dinem
204 808 396 881 effecerint
412 813 529 880 iNam
540 809 587 880 de
604 809 729 880 rubris
743 811 783 879 in
802 826 886 881 cute
905 811 1071 902 maculis,

68 942 102 997 et
113 927 160 999 de
171 952 274 1025 aquae
290 930 397 1024 copia
412 928 451 996 in
467 927 676 1029 pericardio
695 927 781 998 satis
795 927 1001 998 indicatum
1016 910 1072 1000 est

67 1059 173 1115 antea
190 1042 254 1140 (ι’)
271 1049 466 1115 Postremo
478 1040 592 1140 ‘quod
611 1069 688 1114 non
706 1070 850 1132 serum,
878 1044 948 1115 sed¹
965 1044 1030 1140 ‘gel
1055 1084 1070 1100 -

68 1167 153 1232 tinae
171 1164 287 1233 instar
308 1160 354 1232 ad
381 1163 576 1258 meninges
595 1150 789 1233 inventum
810 1176 886 1250 est3
909 1160 989 1232 noli
1018 1163 1086 1259 sic¹

68 1281 233 1376 accipere
247 1280 354 1376 quasi
363 1278 417 1348 ibi
430 1301 553 1350 serum
563 1277 764 1368 defuisset,
778 1305 910 1351 eorum
923 1303 1070 1350 memor

68 1419 145 1490 quae
163 1395 251 1466 alibi
267 1395 321 1492 (2)
340 1397 556 1493 scripsimus
571 1396 617 1468 de
636 1397 824 1468 cellulosis
843 1397 1068 1467 tenuissimis

67 1512 336 1609 pellucidisque
352 1513 508 1584 lamellis
521 1514 572 1584 ita
588 1538 713 1584 serum
729 1511 1067 1609 intercipientibus,

66 1643 106 1697 ut
122 1628 172 1699 ob
187 1654 316 1701 earum
331 1630 592 1725 interjectum,
606 1629 781 1724 gelatr'rtoe
792 1630 954 1725 speciem
966 1653 1068 1700 men·

67 1748 184 1844 tiator.
351 1760 356 1767 ’
405 1746 408 1751 ’
751 1764 754 1771 ’

110 1890 145 1960 9.
158 1864 322 1954 Puellus,
332 1880 453 1937 matre
470 1866 617 1962 genitus
627 1863 908 1961 valetudinaria,
922 1878 958 1932 et
973 1888 1067 1959 quaa,
1140 1866 1142 1869 ’

66 1982 266 2076 praesertim
286 2007 372 2052 cum
405 1984 530 2079 ipsum
550 1996 658 2051 utero
685 1995 851 2077 gereret,
876 1981 1004 2066 variis,
1027 1972 1068 2052 'et

68 2099 295 2195 complicatis
309 2099 472 2170 obnoxia
488 2098 651 2184 morbis,
670 2098 858 2187 erebrius,
871 2112 914 2168 ut
925 2097 996 2169 hos
1010 2124 1067 2170 se-

67 2213 182 2303 daret,
196 2216 374 2286 muliebri
385 2202 563 2305 consilio,
576 2216 748 2313 generosi
758 2216 836 2286 vini
846 2215 1065 2313 potionibus

66 2358 127 2404 usa
144 2331 281 2421 fuerat3
299 2333 501 2405 achoribus
514 2335 695 2430 primum,
714 2333 801 2403 dein
817 2334 939 2406 scabie
955 2333 1064 2407 affec-

66 2465 136 2540 tus,
157 2477 245 2522 cum
262 2451 419 2548 pustula
441 2474 520 2522 non
544 2451 739 2521 maderent
762 2450 942 2547 amplius,
957 2451 1066 2522 febri-

65 2566 132 2640 bus
142 2583 337 2665 correptus
351 2580 415 2640 est.
431 2569 506 2657 His,
520 2593 606 2638 cum
616 2570 753 2638 iterum
764 2567 922 2664 pustulae
934 2569 1064 2640 ichore

67 2701 260 2773 scaterent,
278 2686 519 2774 abeuntibus,
536 2684 683 2784 gravius
694 2686 819 2756 saevire
836 2684 978 2756 scabies
996 2703 1062 2755 cae·

65 2803 135 2897 pit,
152 2801 350 2900 infansque
370 2827 589 2873 maceseere.
611 2803 784 2897 Denique
799 2794 927 2873 inultis
945 2803 1063 2872 inter-

64 2918 165 3010 jectis
185 2920 333 3007 diebuS,
351 2921 494 2990 siccatis
513 2944 643 2990 rursus
662 2917 837 3014 pustulis,
853 2917 925 2987 alvi
944 2917 1062 3010 fluxu,

68 3033 1064 3107 etconvulsivismotibuserebrointraoctiduumvexa-
1143 3098 1152 3113 ,

67 3164 136 3238 tus,
164 3154 262 3223 circa
287 3154 424 3224 mensis
452 3154 574 3223 octavi
600 3150 737 3239 fmem,
767 3173 852 3220 cum
881 3150 1071 3224 incisores¹

68 3267 192 3341 dentes
222 3272 434 3367 superiores
460 3271 537 3365 jam
568 3284 690 3340 essent
723 3270 908 3365 erupturi,
936 3272 1061 3342 vivere

70 3383 182 3457 desiit.

112 3504 261 3574 Ventris
284 3528 371 3574 sana
395 3504 521 3574 omnia
549 3518 655 3574 erant
681 3504 844 3590 viscera,
869 3503 1061 3598 ipsiusque
1155 3496 1158 3505 ’

69 3616 208 3716 hepatis
228 3621 447 3717 magnitudo
474 3622 613 3691 caeteris
633 3622 881 3717 proportione
902 3628 1088 3717 respon-'.

69 3796 1059 3823 -----.----,-------

106 3897 147 3975 (1)
167 3883 203 3958 N.
222 3911 250 3969 4.

106 3995 148 4073 (a)
168 4000 260 4075 Epist.
274 4002 310 4073 6,
324 4022 355 4058 n.
372 4021 425 4075 ra,
440 4004 490 4076 13,
506 4015 535 4060 et
547 4002 640 4077 Epist.
657 4020 691 4072 7,
707 4018 737 4055 n.
753 4016 799 4055 11.
