2782 4668
288 436 360 518 356
453 465 501 513 nr
527 463 673 529 srnmus
697 460 742 511 nr
767 456 891 510 causts
916 463 1129 511 nonnosum

262 632 265 637 «
286 581 402 652 vides
418 578 551 651 Nune
541 603 582 648 m
596 541 901 675 Paraphreuitico
913 576 1015 647 illam
1026 576 1288 648 distentionem

287 698 347 771 vel
363 697 498 795 magis,
514 718 585 767 nec
599 696 680 766 sine
693 719 806 791 aqua,
822 691 952 782 luisse,
969 693 1178 765 ostendam.

341 814 395 889 13.
422 814 490 885 Vir
508 834 710 911 procerus,
734 828 771 883 et
791 810 1029 899 macilentuS,
1049 836 1095 883 ex
1117 809 1294 882 cannabis

290 931 579 1018 carminatione,
596 954 679 1028 quae
695 929 846 1024 arsejus
857 942 954 1016 erat,
968 927 1136 999 thoracis
1151 925 1295 997 inflam-

287 1049 519 1123 mationibus
535 1046 744 1135 obnoxius,
762 1071 781 1116 a
801 1043 943 1142 quibus
960 1046 1077 1116 sexies
1086 1060 1218 1131 antea,
1239 1057 1296 1113 aut

288 1168 424 1265 septies
441 1180 614 1237 vexatum
632 1189 670 1236 se
689 1161 823 1251 fuisse,
841 1161 1040 1251 narrabat,
1055 1186 1141 1233 cum
1156 1161 1295 1233 biliosa

1382 270 1384 347 l

1382 350 1384 417 l

1382 640 1384 685 l

290 1301 327 1358 et
346 1283 477 1356 viridis
492 1283 655 1355 materiae
674 1283 823 1352 vomitu
840 1283 881 1350 in
896 1304 972 1350 una
983 1335 994 1368 ,
1006 1303 1093 1350 cum
1103 1268 1244 1350 delirio
1261 1281 1295 1348 in
1383 1314 1384 1325 κ

288 1401 427 1491 altera3
444 1401 589 1471 nonita
605 1396 753 1496 pridem
767 1421 789 1467 a
806 1397 965 1494 pulvere
974 1397 1074 1469 inter
1084 1397 1295 1467 carmiuan·
1383 1476 1384 1489 χ

290 1518 383 1592 dum
400 1514 559 1614 excepto
576 1539 665 1587 oum
679 1515 784 1585 vocis
800 1537 942 1612 organa
954 1513 1124 1600 lusisset,
1140 1528 1187 1584 ut
1202 1513 1295 1583 clan-
1383 1520 1384 1585 T

290 1659 380 1734 gere
391 1632 663 1732 potius,quam
675 1630 783 1726 loqui
792 1628 1227 1726 videretur3propterea
1238 1630 1295 1698 mi·
1383 1650 1384 1675 ¹

290 1776 363 1825 uus
387 1749 688 1849 pulverulentam
707 1745 908 1818 cannabim
930 1747 1112 1844 seligens,
1141 1769 1296 1844 eamque

290 1892 461 1944 seorsum
477 1867 619 1939 asociis
632 1864 855 1964 depectens,
870 1864 1064 1961 pristinam
1075 1865 1153 1958 jam
1168 1887 1296 1962 prope

290 1985 450 2058 modum
467 2006 601 2055 vocem
615 1996 923 2080 recuperaverat,
945 1980 1101 2078 quando
1118 1980 1168 2052 ab
1189 2006 1296 2052 onere

295 2100 453 2176 ferendo
471 2101 609 2189 lassus,
625 2099 751 2172 febrili
759 2097 900 2197 frigore
910 2153 920 2187 ,
931 2114 968 2171 et
980 2114 1177 2197 pungente
1189 2100 1236 2171 ad
1245 2100 1299 2170 lae-

292 2245 378 2292 vam
388 2219 591 2297 mamillam
601 2217 735 2289 dolore
744 2230 943 2314 correptus
956 2231 1022 2288 est.
1030 2217 1299 2319 Quamobrem,

293 2337 428 2413 eodem
446 2361 526 2435 quo
542 2335 620 2408 duo
634 2336 781 2433 priores
794 2358 917 2423 anno,
941 2334 1040 2405 circa
1057 2334 1230 2411 medium
1254 2333 1301 2406 le·

292 2455 490 2528 bruarium
502 2507 512 2542 ,
526 2455 566 2525 in
584 2452 684 2524 idem
699 2467 754 2524 est
769 2452 1034 2524 nosocomium
1050 2436 1189 2524 illatus.
1211 2457 1299 2524 Cum

295 2573 401 2649 domi
416 2571 543 2645 oleum
552 2571 772 2669 sumpsisset
778 2593 825 2641 ex
835 2567 1006 2643 dulcium
1019 2569 1300 2668 amygdalarum

294 2692 440 2767 nucleis
455 2713 589 2762 recens
605 2709 841 2785 expressum,
874 2701 916 2759 et
929 2688 1079 2785 sanguis
1103 2713 1123 2758 e
1153 2689 1301 2760 sinistro

293 2808 453 2885 brachio
467 2806 657 2879 detractus
672 2818 787 2895 esset,
799 2805 937 2876 iterum
951 2828 998 2877 ex
1012 2804 1171 2900 brachio
1187 2806 1301 2878 altero

294 2928 452 3005 emissus
467 2938 532 2996 est.
562 2918 723 2995 Difficile
742 2922 843 2992 enim
867 2920 1089 3019 respirabat,
1114 2922 1218 2994 nibil
1246 2949 1301 2995 er·

184 3092 187 3095 ,
297 3041 526 3144 pectorabat.
541 3045 588 3111 In
597 3040 695 3112 latus
706 3035 882 3110 affectum
896 3040 1028 3136 saepius
1038 3040 1300 3114 decumbebat.
1382 3052 1383 3119 ἒ

294 3162 430 3235 Biliosa
446 3174 486 3231 et
496 3157 629 3229 viridia
643 3170 850 3247 vomuerat.
871 3154 1015 3246 Quinto
1031 3158 1091 3230 die
1116 3157 1302 3255 phrenitis
1382 3206 1383 3209 =

297 3278 440 3376 ingruit
456 3278 556 3364 laeta,
573 3276 688 3362 seria,
702 3273 894 3379 interdum
912 3273 1033 3364 ferox,
1047 3275 1305 3349 hactenus'ta·
1382 3272 1383 3297 ¹

298 3421 388 3468 men
404 3409 447 3466 ut
456 3392 715 3483 accedentium
730 3416 795 3464 ora
810 3396 1063 3493 computaret.
1080 3393 1257 3467 Medicus
1266 3417 1305 3465 ex

297 3534 408 3589 crure
419 3512 524 3607 juxta
538 3511 654 3585 talum
669 3510 767 3580 mitti
780 3512 999 3609 sanguinem
1018 3511 1147 3606 jussit,
1170 3526 1211 3582 et
1228 3534 1305 3582 raso

277 3626 619 3729 'capitiquoddam
639 3627 861 3723 cataplasma
876 3628 1040 3726 imponi,
1065 3626 1172 3725 quod
1198 3627 1304 3726 quale

299 3762 410 3836 esset,
428 3744 665 3816 commodius
684 3768 770 3814 cum
787 3744 834 3816 de
851 3745 1031 3853 maniacis
1046 3744 1216 3817 scribam
1234 3743 1305 3842 (1),

342 4008 385 4087 (r)
406 4005 500 4082 Epist.
514 4002 551 4073 8,
564 4020 596 4058 u.
609 4000 638 4058 8.
