2784 4668
307 391 374 480 148
470 412 517 464 nn
542 413 689 465 sturnus
713 412 906 499 anscausrs
931 414 1140 466 nonnosum

300 528 468 617 rusticis,
489 529 698 627 peregrinis
716 524 915 600 ferendum
933 544 1006 619 est,
1025 554 1150 628 neque
1169 530 1217 603 de
1239 530 1306 603 ha·

296 647 399 742 julo,
418 672 544 745 neque
563 646 610 717 de
633 648 792 718 muliere
814 648 885 721 hac
904 672 975 747 pro
998 664 1102 722 certo
1124 648 1211 720 sciri
1234 671 1304 744 po·
1387 652 1388 689 ³

298 765 431 850 tuisse,
454 789 547 835 num
571 776 735 864 utroque
760 768 920 865 pariter,
946 793 995 838 an
1017 768 1135 839 altero
1160 766 1307 854 latere,
1387 768 1388 807 ³

296 895 410 977 atque
425 895 530 969 utro,
553 884 718 979 primum
742 883 899 954 resoluti
917 881 1075 975 fuerint,
1099 898 1302 983 postquam
1387 890 1388 927 ³

294 997 436 1095 ingruit
452 990 651 1096 =apoplexia
668 1026 676 1068 :
692 1012 853 1097 uterque
869 1002 971 1072 enim
993 989 1148 1074 dextero
1166 1000 1300 1073 viden·
1385 1034 1388 1043 ¹

293 1132 357 1190 tur
370 1115 554 1189 debuisse.
576 1117 648 1189 Sed
672 1118 718 1190 de
737 1120 895 1191 muliere
923 1121 1072 1226 gravius
1092 1118 1182 1208 tuli,
1200 1117 1300 1189 indi·
1387 1122 1388 1161 ³

292 1255 376 1304 care
393 1235 583 1305 neminem
592 1235 770 1332 potuisse,
785 1259 833 1306 an
848 1236 938 1309 alias
950 1259 1107 1335 quoque
1125 1249 1300 1333 correpta
1387 1260 1388 1277 ²

291 1347 420 1422 fuisset
447 1351 654 1450 apoplexia.
679 1350 774 1423 Mihi
802 1352 904 1423 enim
931 1352 1109 1440 videtur:
1129 1350 1297 1448 indeque
1385 1358 1386 1361 ’

288 1466 396 1539 facile
418 1469 458 1539 in
479 1469 636 1544 sinistris
657 1469 816 1543 artubus
834 1469 1125 1563 resolutionem,
1143 1483 1209 1545 aut
1228 1469 1296 1542 de·
1387 1488 1388 1513 ¹

268 1576 470 1657 'bilitatem
496 1586 684 1676 relictam,
711 1611 799 1659 cum
824 1580 919 1657 illud
940 1588 1067 1660 minus
1093 1585 1199 1684 quod
1224 1586 1293 1659 tihi
1386 1594 1388 1634 ἒ

223 1688 225 1695 ’
286 1699 486 1799 descripsi,
514 1726 647 1774 cavum
678 1703 853 1790 attendo,
880 1716 1030 1773 etcum
1062 1703 1107 1774 iis
1135 1699 1291 1799 confero
1385 1711 1388 1749 2

285 1813 612 1889 observationibus
631 1842 714 1916 quae
730 1819 923 1914 superiore
942 1818 1099 1915 epistola
1116 1817 1290 1916 (1)iudi-
1386 1844 1388 1867 2

286 1946 373 2003 catae
411 1947 525 2021 sunt,
552 1933 739 2003 Brunneri
771 1934 1002 2032 praesertim,
1039 1935 1107 2031 qui
1142 1932 1286 2032 aliquid
1384 1944 1388 1987 Ὗ

283 2050 489 2120 etiamtum
509 2049 681 2121 humoris
694 2047 946 2148 deprehendit
959 2051 998 2121 in
1019 2050 1164 2123 cellulis
1188 2053 1287 2148 ejus·
1387 2100 1388 2105 =

282 2166 439 2236 cemodi.
472 2170 614 2238 Verum
643 2166 748 2263 quod
778 2167 902 2239 dicere
933 2169 1116 2266 potuisset
1146 2195 1286 2261 nemo,
1384 2178 1388 2223 ἒ

282 2307 357 2380 qua
384 2283 559 2357 videlicet
589 2286 734 2355 ratione
767 2299 842 2356 tam
875 2285 950 2356 cito
963 2336 966 2343 .
979 2283 1081 2358 factae
1115 2288 1190 2359 sint
1215 2288 1284 2360 illae
1387 2304 1388 2307 ’

280 2411 441 2499 magnae',
465 2429 548 2501 quae
566 2404 605 2473 in
630 2403 751 2475 tribus
771 2405 975 2501 propositis
994 2403 1283 2478 dissentionibus
1386 2420 1388 2479 ἰ

278 2532 367 2615 sunt
400 2520 613 2618 descriptae,
640 2545 825 2609 cavernae,
850 2523 1032 2619 sanguine
1062 2521 1282 2593 redundan-

274 2650 332 2708 tes
351 2635 427 2733 (α),
441 2636 480 2708 id
499 2638 705 2733 conjicere,
725 2637 1047 2735 quemadmodum
1063 2662 1176 2738 supra
1195 2642 1278 2739 pol-

273 2753 367 2826 liciti
377 2779 532 2841 saemus,
547 2754 820 2853 aggrediamur.

324 2869 357 2940 8.
374 2872 579 2944 Proclivius
592 2871 687 2942 nihil
702 2887 777 2960 est,
792 2895 853 2943 eas
867 2871 1044 2944 cavernas
1057 2873 1097 2942 in
1108 2872 1276 2963 cerebr0,

274 3000 310 3057 et
337 2990 651 3062 semiconcretum
669 2990 709 3060 in
728 2991 791 3078 iis,
816 3003 882 3062 aut
907 3014 952 3060 ex
976 2990 1021 3061 iis
1043 2990 1083 3060 in
1101 2992 1274 3062 viciniam

272 3101 434 3176 effusum
456 3131 592 3202 magna
611 3109 718 3205 copia
734 3109 954 3205 sanguinem
969 3106 1275 3206 inspicientibus,

272 3245 387 3316 quam
403 3221 661 3320 disruptorum
679 3225 718 3294 in
737 3223 910 3313 thorace,
928 3238 993 3295 aut
1010 3238 1142 3296 ventre
1161 3250 1273 3298 aneu·

173 3372 176 3377 ·
268 3352 475 3434 rysmatum
491 3341 701 3428 recordari,
721 3356 757 3413 et
772 3341 903 3412 similia
924 3344 1022 3412 intra
1041 3343 1159 3412 cranii
1175 3367 1270 3439 quo·

269 3481 344 3553 que
367 3480 500 3528 cavum
526 3458 717 3530 interdum
738 3456 839 3548 fieri,
865 3459 1094 3549 existimare,
1115 3484 1269 3558 proeser·

318 3780 329 3816 1
366 3761 405 3816 N.
427 3760 472 3815 16.

301 3758 346 3938 l²l
366 3862 515 3917 cavernas
528 3857 701 3930 hujusmodi
717 3860 787 3918 vid.
802 3861 891 3917 etiarn
901 3861 994 3936 Epist.
1008 3861 1062 3930 60,
1076 3880 1107 3916 n.
1126 3871 1187 3916 ret
1203 3859 1221 3916 6
1236 3858 1265 3914 in

301 3961 438 4027 cerebro,
454 3970 483 4016 et
501 3959 657 4016 cerebello.
