2774 4666
185 450 250 497 ctu.
279 453 303 497 l.
332 453 378 499 DE
404 453 540 501 MORBIS
565 450 723 515 carlum,
749 454 860 502 EPIST·
888 457 944 503 111.
1002 460 1069 532 179
1147 488 1151 502 ι

77 565 239 654 moleste,
257 588 344 639 cum
363 581 511 640 tantum
529 592 571 638 os
585 569 625 638 in
642 565 734 640 falco
753 566 915 656 offendi,
934 596 978 641 ex
1000 597 1068 642 ne·
1155 660 1157 665 Α

78 684 165 759 mine
184 684 270 776 sciri
288 685 474 781 potuisse,
493 709 567 782 qua
581 684 633 756 de
653 686 740 757 reis
760 685 878 757 homo
898 711 1068 785 conque-

77 812 210 870 reretur
232 803 342 872 anuis
359 804 426 898 qui
447 802 684 899 apoplexiam
708 820 988 900 praecesserunt.
1016 792 1069 877 Er

77 943 142 1014 quo
161 919 261 989 enim
280 921 497 992 Franciscus
515 921 707 993 ,Antonius
735 926 863 993 Cattns
884 914 1069 995 anatomi-

78 1058 132 1105 cus
152 1036 420 1135 Neapolitanus
440 1062 521 1111 non
540 1039 592 1108 ita
611 1039 933 1128 contemnendun
954 1056 995 1112 ut
1014 1044 1070 1139 ig·
1158 1046 1163 1051 ’

78 1167 178 1224 notus
193 1177 272 1225 esse
291 1152 547 1242 debueritne,
570 1170 756 1251 quantum
784 1156 919 1246 video,
945 1162 1069 1229 omni-

78 1267 153 1357 bus,
171 1272 238 1367 qui
253 1270 303 1343 de
312 1271 486 1360 medicis,
506 1286 569 1343 aut
580 1274 801 1371 anatomicis
821 1260 1069 1372 scriptoribus

78 1405 241 1484 egerunt,
261 1390 525 1487 sicutprimnm
544 1390 584 1461 in
598 1390 756 1461 muliere
766 1391 928 1488 quadani
938 1418 1075 1472 revera,

78 1502 227 1602 bipartiti
234 1509 332 1578 uteri
342 1506 605 1579 dissectionem
618 1508 773 1581 tradidit
782 1508 847 1605 (1),
856 1512 909 1581 sic
921 1512 1068 1607 primus

80 1626 198 1721 coepit,
229 1649 331 1696 auno
349 1623 456 1722 „1557
480 1624 552 1723 (a),
583 1623 686 1697 falcis
714 1631 752 1695 in
779 1624 915 1697 dicrum
936 1653 993 1698 os
1016 1654 1074 1701 nn

78 1755 167 1835 parte
184 1742 309 1839 aliqua
326 1743 583 1839 degenerantis
603 1741 905 1819 observationem
923 1770 1068 1844 propo-

79 1881 171 1947 nere,
185 1860 273 1932 alias
286 1861 398 1931 etiam
411 1884 505 1957 quas
519 1860 684 1933 Botallus
693 1861 747 1959 (3)
758 1860 956 1961 deinceps,
969 1869 1066 1935 Hor·
1178 1871 1184 1885 ’

78 1976 148 2047 nius
164 1978 236 2074 (4),
255 1978 451 2060 scheidius
463 1976 537 2076 (5),
557 1976 753 2076 Wepferus
771 1978 847 2076 (6),
863 1980 1065 2054 Cheselde-
1135 2028 1138 2031 -

79 2114 139 2165 nus
153 2094 222 2192 (7),
239 2101 398 2167 Vaterno
412 2096 491 2193 (8),
511 2095 696 2193 Gohlius(
698 2096 753 2193 9),
767 2101 942 2194 Meyerus
961 2099 1064 2197 (ιο),

78 2225 174 2308 atque
182 2214 378 2312 aliiplures
390 2269 401 2303 ‚
413 2238 579 2312 quorum
587 2213 735 2312 aliquos
747 2239 836 2289 mox
843 2216 1063 2307 nominabo,

79 2327 284 2421 ediderunt,
301 2357 439 2430 easque
459 2334 615 2429 insuper
633 2324 726 2429 quas
741 2334 862 2430 Regiae
885 2335 1063 2405 Scientia·

79 2468 152 2516 nnn
167 2450 369 2521 Academiae
381 2451 596 2522 Parisiensis
608 2449 772 2521 historioe
785 2464 824 2521 et
836 2466 1064 2525 commenta·

80 2564 125 2632 ria
148 2564 219 2664 (ιι)
246 2567 453 2665 enhibent3=
471 2591 604 2639 omnes
633 2567 811 2665 perlegi:
836 2590 907 2647 nec
936 2550 1061 2643 tainen

110 2901 147 2980 (ι)
164 2907 274 2984 Itagog.
286 2902 375 2963 Anatss
391 2927 416 2964 c.
436 2925 484 2963 ιο.

64 3005 66 3008 ⁴
111 3002 237 3081 (a)1bid.
255 3029 280 3065 c.
300 3007 327 3063 3.

111 3100 148 3179 (3,)
166 3107 233 3162 Obs.
244 3109 333 3163 Anat.
348 3124 375 3160 2.

109 3199 145 3277 (l)
163 3208 266 3262 Annot.
280 3205 319 3261 ad
333 3205 428 3261 eamd.
878 3278 881 3283 ν

110 3298 146 3379 (ὅ)
163 3304 279 3362 Dissert.
294 3308 331 3363 de
342 3306 434 3363 duob.
447 3291 581 3360 ossiculis
593 3303 625 3358 ln
636 3303 795 3378 Apoploct.

108 3400 145 3476 (6)
161 3407 280 3463 Exercit.
298 3407 413 3462 deloco
429 3404 479 3460 alf.
493 3404 645 3478 iullpopl.
780 3394 782 3399 ’

109 3499 144 3578 (7)
162 3503 218 3562 The
228 3510 316 3563 Anat.
329 3508 367 3562 of
376 3506 426 3561 the
439 3502 521 3559 hum.
535 3503 619 3578 body
632 3501 705 3558 Tab.
719 3502 775 3557 XI.

108 3598 143 3676 (8)
160 3607 227 3661 Abr.
246 3607 277 3662 in
297 3606 374 3662 Diss.
396 3623 456 3678 qua
472 3602 667 3678 Osteogenia,
694 3611 750 3657 etc.
770 3602 947 3677 inProoem.
971 3616 998 3659 et
1021 3606 1053 3662 in
1095 3588 1106 3607 ’

77 3698 159 3776 Progr.
170 3725 225 3778 q-uo
239 3707 362 3764 Observ.
378 3706 544 3773 Calculor„
560 3713 617 3758 etc.

159 3806 243 3879 Apud
255 3807 351 3863 eumd.
369 3806 401 3860 in
418 3804 468 3860 cit.
481 3807 584 3880 Progr.
701 3860 703 3863 ,

150 3902 159 3977 )
177 3908 333 3962 Commerc.
346 3907 451 3962 Litter.
467 3924 515 3961 an.
537 3905 627 3976 1731,
645 3903 763 3978 specim·
780 3908 834 3974 (α,
850 3924 881 3960 ιι.
895 3895 941 3958 ιζ

149 4003 159 4079 )
178 4009 230 4067 An.
249 4004 678 4078 1711,1713‚173l4et1760.
709 4058 712 4065 ,

369 4101 373 4111 ’
748 4152 749 4155 ,
820 4103 879 4169 ιι*

901 3368 920 3412 '5
