2774 4666
304 461 374 542 228
468 488 515 539 nn
541 492 685 540 ssnmos
710 492 754 538 nr
779 492 902 553 cans1s
929 493 1138 543 nonnonou

302 626 456 703 quoque
471 623 647 675 vasorum
665 607 934 678 excrescentias
953 609 1110 680 attinere
1136 609 1294 706 quodam

299 720 416 792 modo
427 719 633 792 videbatur.
644 721 951 793 Novissimedum
962 725 1192 820 pituitariam
1203 728 1295 825 glan·

300 838 428 910 dulam
454 837 614 922 educere
632 836 767 939 vellem
786 864 831 908 ex
851 864 917 939 sua
944 840 1030 911 sede
1041 866 1095 929 ,··a
1125 843 1200 912 levi
1224 846 1298 940 ejus

300 956 580 1054 compressione
599 979 732 1026 mucus
750 954 890 1052 prodiit
913 956 1145 1054 pelluciduS,
1166 959 1299 1030 subfla-

296 1096 386 1161 vus,
419 1097 510 1145 cum
544 1095 590 1142 eo
618 1072 685 1168 qui
714 1071 762 1142 ad
792 1072 962 1144 osculum
992 1077 1091 1144 uteri
1120 1090 1198 1163 est,
1232 1078 1300 1148 nisi

297 1189 402 1287 quod
413 1213 492 1260 non
510 1190 651 1291 itanerat
661 1203 790 1276 tenax,
807 1189 1104 1287 comparandus,
1119 1214 1191 1289 pro
1203 1193 1299 1265 mole

296 1306 481 1404 glandulae
499 1331 578 1376 non
604 1330 769 1403 paucus:
792 1331 905 1402 quem
925 1308 963 1376 in
989 1331 1144 1377 mucum
1165 1308 1297 1381 abiisse

297 1424 468 1496 crederes
497 1449 575 1494 non
601 1423 787 1494 modicam
810 1420 894 1518 Ejus
920 1423 1105 1521 glandulae
1129 1440 1295 1522 partem3

294 1567 383 1613 nam
408 1542 540 1639 exigua
557 1541 694 1636 hujus,
714 1556 751 1611 et
769 1537 942 1611 informis
963 1541 1127 1613 restabat
1152 1543 1296 1640 portio,

295 1652 413 1756 eaque
430 1674 569 1743 tactus,
588 1666 627 1729 'et
652 1659 754 1729 visus
783 1657 926 1754 judicio
950 1658 1161 1729 seeundum
1191 1676 1295 1731 natu·

294 1801 398 1863 ram;
420 1776 605 1872 glandulae
622 1790 747 1846 autem
760 1775 968 1872 reliquum,
987 1777 1145 1873 ejusque
1156 1799 1293 1874 appen-

297 1893 361 1963 dix
383 1884 833 1990 nusquamapparehant.
869 1896 1051 1963 Caeterum
1081 1889 1292 1964 infundibu-

294 2010 395 2096 lum,
415 2008 520 2105 quod
540 2009 654 2106 paulo
676 2002 763 2081 ante
788 2023 1088 2107 amputaveram,
1110 2026 1291 2104 quantum

294 2126 529 2199 extrinsecus
543 2126 759 2223 aspiciendo
777 2128 899 2198 visum
918 2123 1056 2213 fuerat,
1085 2150 1165 2196 non
1192 2151 1292 2200 secus

247 2224 254 2237 s
294 2268 333 2315 se
350 2242 661 2338 habebat‚quam
679 2243 806 2313 soleat.

344 2385 401 2430 20.
429 2362 514 2449 Quo
536 2360 719 2457 prolixior
750 2359 905 2431 historia
925 2358 1012 2448 fuit,
1036 2384 1082 2432 eo
1103 2360 1291 2434 breviores

294 2488 406 2552 erunt
425 2477 696 2549 adnotationes.
718 2480 812 2548 Nam
832 2466 889 2549 'de
908 2480 1006 2549 vitiis
1026 2503 1108 2575 quae
1132 2479 1173 2555 in
1197 2482 1290 2551 reni-

292 2595 388 2683 buS,
408 2595 641 2682 ureteribus,
661 2597 802 2681 vesica,
828 2595 982 2666 urethra
1008 2594 1289 2692 descripsimus,

292 2715 364 2786 erit
380 2713 485 2799 alias,
498 2711 552 2808 (1)
572 2711 754 2808 loquendi
770 2712 886 2784 locus.
902 2717 980 2783 Hoc
995 2736 1116 2783 unum
1130 2712 1195 2785 hic
1210 2714 1289 2786 satis

292 2845 348 2903 est
373 2854 418 2899 ex
443 2830 532 2927 ipsis
558 2829 756 2926 colligere,
784 2829 887 2926 quod
917 2827 1022 2901 facile
1054 2828 1101 2899 ad
1132 2846 1288 2902 mortem
1370 2892 1371 2903 ,

293 2947 453 3023 attinuit.
472 2951 568 3018 Cum
586 2944 742 3019 fortasse
760 2946 820 3017 vel
838 2947 924 3044 plus
941 2947 1061 3017 multo
1070 2968 1186 3043 quam
1205 2947 1290 3019 sole·

290 3062 356 3133 bat
383 3062 500 3132 homo
531 3062 708 3150 bibisset,
735 3064 906 3134 humoris
939 3078 1064 3134 autem
1099 3064 1203 3160 epoti
1236 3061 1286 3132 vel

290 3181 418 3251 minus
449 3202 562 3276 quam
589 3176 855 3268 consueverat,
874 3204 943 3278 per
971 3181 1066 3252 eutis
1090 3179 1286 3252 invisibilia

247 3374 250 3379 ⁴
291 3296 494 3384 foramina,
522 3313 741 3395 tempestate
778 3297 1015 3394 frigidissima
1044 3296 1285 3394 prohibente,

245 3484 250 3491 ,
290 3410 517 3501 emanasset,
537 3417 654 3485 urinae
671 3431 796 3487 autem
815 3418 902 3502 viae,
920 3430 957 3486 et
976 3411 1233 3511 receptacula,
1250 3414 1283 3482 in

290 3534 436 3631 sopite,
453 3548 489 3604 et
512 3557 601 3604 mox
619 3532 856 3630 apoplectico
885 3555 930 3602 eo
957 3528 1068 3602 etiam
1101 3533 1228 3603 minus
1250 3552 1283 3600 se

94 3674 99 3681 ·
206 3736 209 3741 ¹
287 3649 568 3739 contrahentia,
591 3674 669 3747 quo
684 3650 809 3720 miuus
827 3650 877 3721 oh
896 3649 1083 3747 descripta
1098 3650 1188 3720 vitia
1205 3671 1283 3720 sen·

323 4009 367 4088 (1)
388 4010 480 4085 Epist.
497 4013 659 4084 la,n.19,
678 4025 726 4065 ao.
