2782 4668
189 461 257 506 ma.
284 458 309 504 1.
338 458 384 504 aa
410 452 546 503 nonnas
570 450 725 517 carrrls,
751 450 861 501 amar.
888 452 968 501 v111.
1023 433 1087 529 371

94 572 256 644 midnm:
274 586 312 642 et
336 572 375 639 in
393 569 616 641 >ventriculis
637 567 716 662 ejus
741 567 948 662 majoribus
969 590 1095 640 aerum

93 694 236 778 inerat,
257 689 322 761 sed
348 708 524 786 paucum.
555 690 600 756 In
629 686 890 783 plantantem
913 684 1094 785 choroide

94 805 276 906 glandulae
294 819 457 902 qriatuor
469 804 632 898 «majores
651 800 941 905 extuberabant,
957 828 1038 899 que
1055 806 1094 877 in

94 946 232 1022 corpus
248 924 498 993 induruerant
517 919 699 1008 solidum,
723 920 892 1007 luteum,
916 934 953 990 et
976 919 1095 992 lorino

94 1042 138 1112 ad
153 1041 374 1139 sphaericam
393 1039 584 1111 accedens.
771 1028 774 1037 ’
1030 1048 1033 1054 “

142 1159 338 1246 &Praeter
360 1156 460 1226 hanc
486 1157 688 1254 virginem,
715 1154 822 1249 cujus
849 1154 1024 1225 delirium
1049 1178 1095 1231 ex

95 1272 370 1345 melancholico
404 1272 445 1341 in
480 1274 693 1343 maniacum
723 1271 1031 1368 degeneraverat,
1066 1277 1096 1345 si
1188 1331 1191 1336 .

96 1392 227 1463 stultos
254 1388 366 1476 alios,
390 1403 433 1458 ut
457 1412 553 1485 wsepe
575 1389 741 1459 viventes
765 1387 923 1459 curandi
945 1388 1097 1479 habirit,

97 1510 143 1580 sic
153 1522 195 1579 et
206 1521 380 1605 mortuos
389 1504 598 1577 dissecandi
613 1503 782 1575 Valsalva
792 1498 1098 1595 occasionem-ha·

95 1623 258 1712 buisset3
278 1648 357 1694 non
382 1623 535 1710 dubita,
554 1623 648 1720 quin
669 1617 774 1690 facile
791 1621 870 1717 ipse
888 1644 1042 1719 quoque
1057 1625 1096 1695 in

98 1762 231 1812 eornm
244 1740 404 1812 cerebro
417 1760 500 1811 eam
516 1760 630 1836 quam
639 1761 717 1834 ego
726 1736 908 1839 hactenus
922 1741 961 1809 in
976 1742 1097 1810 omni-

96 1857 191 1947 bus,
226 1856 406 1928 duritiem
437 1853 566 1927 luisset
590 1850 847 1925 adnotaturus.
868 1855 980 1944 Quod
1007 1876 1099 1928 vero

99 1975 141 2044 ad
169 1997 332 2073 corpora
355 1974 418 2044 illa
435 1975 620 2045 tumentia
641 1974 682 2042 in
703 1973 816 2069 plexu
839 1968 1044 2063 choroido,
1062 1990 1099 2046 et

16 2154 18 2165 ,η
98 2089 141 2160 ad
156 2092 224 2163 ista
248 2092 379 2163 attinet
395 2112 477 2187 quaa
494 2090 649 2183 indura
666 2090 843 2185 meninge
861 2089 908 2159 ad
926 2090 1040 2161 latera
1054 2094 1098 2163 ai-

98 2230 164 2278 nus
179 2206 284 2279 falcis
303 2207 517 2303 descripsit,
535 2206 778 2304 corpuscula,
800 2182 1097 2289 exluberantiam

98 2325 134 2393 in
148 2348 193 2395 eo
214 2324 349 2422 plexu,
372 2326 527 2421 opinor,
545 2325 746 2418 majorem,
768 2336 893 2420 neque
916 2337 1041 2395 tamen
1058 2327 1097 2409 in

98 2441 229 2529 stulte,
251 2438 339 2512 alias
353 2440 407 2538 (1)
427 2440 494 2512 tibi
514 2443 825 2512 commemoravi:
842 2440 919 2510 haec
935 2457 1061 2514 autem
1077 2469 1097 2527 e

98 2558 188 2629 dura
200 2559 382 2655 ,meninge
398 2582 435 2630 se
453 2558 659 2632 attollentia
674 2556 897 2654 corpuscula
908 2557 954 2627 de
965 2574 1097 2645 eornm

97 2671 250 2747 fortasse
282 2694 418 2772 genere
442 2672 574 2761 luisse,
605 2674 792 2775 suspicor,
818 2690 901 2769 qnae
926 2686 1054 2770 postea
1076 2694 1097 2746 a

97 2792 306 2863 Paothiono
332 2791 515 2890 glandulae
540 2805 629 2862 sunt
651 2790 854 2888 appellata,
878 2791 923 2861 iis
946 2792 1036 2887 ipsit
1059 2793 1098 2869 in

97 2905 185 2981 locis
217 2908 409 2984 interdum
444 2909 590 2996 minus,
622 2926 901 3005 nonnunquam
938 2909 1098 2979 manime

99 3029 309 3125 conspicua.
324 3026 397 3098 Sed
415 3048 633 3124 quanquam
652 3026 736 3097 haee
745 3048 869 3123 neque
886 3041 1021 3133 praetep
1034 3046 1097 3098 na·

98 3137 218 3217 turam
237 3158 342 3231 aunt,
358 3161 401 3217 ut
414 3164 508 3242 saepe
524 3146 717 3242 insculptae
728 3146 767 3215 in
781 3148 910 3216 cronio
928 3144 1097 3223 invented
1127 3196 1133 3209 ·

99 3280 228 3333 eornm
245 3264 424 3336 massulas
448 3264 684 3361 excipiendas
704 3265 931 3351 ostendunt,
942 3288 1013 3335 neo
1037 3264 1097 3336 vel

98 3394 180 3450 ante
199 3381 278 3452 duo
298 3381 428 3453 secula
458 3382 695 3470 anatomicis,
720 3397 805 3480 post
831 3382 1019 3455 Vesalinm
1040 3382 1096 3481 (a)

99 3491 163 3567 lias
177 3496 369 3571 tubercula
380 3502 624 3588 vocitantem,
641 3497 1095 3598 fueruntineognita,imo

137 3796 180 3877 (ι)
202 3802 297 3876 Epist.
313 3808 347 3875 4,
364 3823 394 3859 n.
410 3805 456 3860 32.

136 3895 179 3974 (2)
200 3900 244 3955 De
256 3898 337 3958 hum.
354 3916 437 3978 emp.
452 3899 527 3960 fabr.
543 3900 563 3958 1.
579 3918 611 3973 7,
629 3918 656 3958 a.
676 3921 709 3974 a,
728 3908 757 3960 et
772 3894 886 3983 Explir.
902 3894 952 3977 lig
972 3914 983 3954 ι
1000 3897 1094 3971 ejusd.

98 3994 166 4053 libri
180 4018 196 4070 7
211 4001 249 4057 ad
259 4004 296 4058 K.
806 4002 812 4015 ³
962 4018 975 4039 κ

858 4101 924 4184 24*
