2774 4666
296 445 361 541 198
459 470 506 513 or
533 465 677 515 sumnus
702 465 745 511 er
771 464 894 513 musis
919 465 1127 517 uouuoruu

291 698 1283 737 mmmmnwwwvwwvwwpmwmmm

308 899 578 1001 reprom
609 865 1267 1017 muromcoutmcs‘m

495 1092 635 1243 Agitur
650 1129 697 1201 de
713 1127 933 1228 Apoplexia
949 1151 1087 1203 setosa.

231 1398 233 1403 <
260 1378 264 1397 ·
290 1294 376 1429 Cu
388 1374 417 1421 ru
442 1348 630 1421 celebrem
655 1348 756 1419 illam
781 1346 992 1447 Apoplexiae
1009 1345 1230 1417 'divisionem
1250 1346 1286 1414 in

291 1465 534 1565 sanguineam
550 1480 587 1537 et
603 1488 766 1537 serosam
783 1488 862 1537 non
879 1450 1168 1565 improbandam
1195 1486 1286 1548 esse,

289 1586 506 1682 scripsimus
522 1585 562 1655 in
579 1607 707 1655 earum
724 1606 817 1678 quas
836 1580 884 1651 ad
905 1595 941 1652 te
966 1581 1135 1652 misimus
1158 1580 1287 1677 episto·

290 1702 455 1787 larumll
465 1700 519 1798 (ι)
531 1755 542 1799 ²„
552 1701 706 1771 minime
723 1724 794 1770 nos
810 1697 977 1797 fugiebat
987 1697 1080 1795 quid
1089 1698 1191 1768 viros
1207 1721 1287 1801 cum

289 1822 389 1911 iuter
405 1834 568 1904 veteres,
589 1834 669 1889 tum
695 1819 794 1888 inter
811 1818 1040 1888 recentiores
1061 1815 1289 1886 doctissimos

219 2022 221 2030 Α
292 1934 339 2004 ab
356 1912 592 2031 agnoscenda
615 1958 738 2004 serosa
759 1933 953 2031 apoplexia
972 1935 1192 2037 coutiueret.
1219 1935 1289 2002 Nec

291 2075 383 2121 vero
400 2075 471 2139 nos
486 2052 512 2119 ii
530 2074 657 2121 sumus
674 2053 740 2146 qui
763 2052 1075 2146 quotiescumque
1093 2049 1191 2125 intra
1205 2073 1290 2146 apo·

291 2168 440 2279 plectici
465 2166 662 2237 calvariam
688 2191 785 2263 aqua
809 2168 1020 2255 invenitur,
1040 2168 1223 2237 continuo
1246 2165 1288 2236 ab

292 2284 363 2374 huc
374 2285 454 2379 ejus
464 2283 640 2354 morbum
657 2284 905 2381 repetendum
916 2309 1014 2371 esse,
1031 2284 1288 2357 existimemus.

292 2403 394 2496 Quin
411 2399 512 2471 ultro
537 2401 808 2500 permittimuS,
829 2416 877 2485 ut,
900 2426 944 2471 ex
976 2399 1050 2472 illis
1066 2425 1159 2497 quas
1182 2400 1292 2496 hujus

293 2522 440 2621 generis
456 2516 691 2616 proferemus
701 2524 767 2590 seu
781 2518 977 2606 valsalvae,
991 2543 1059 2590 seu
1075 2521 1215 2591 nostris
1230 2519 1293 2590 dis

295 2637 523 2710 sectionibus
540 2652 634 2733 quot
650 2636 845 2724 malueris,
869 2650 926 2706 tot
948 2637 1021 2706 alio
1038 2661 1190 2719 censeas
1215 2640 1292 2708 atti·

293 2779 401 2843 nere;
419 2753 534 2842 modo
551 2753 630 2823 haec
645 2753 807 2848 uicissim
820 2739 1002 2851 largiaris,
1018 2755 1184 2851 primum
1196 2754 1293 2851 quod

294 2858 592 2965 erva'roliotibi
608 2872 647 2941 in
666 2894 709 2940 eo
724 2863 879 2968 epistola
891 2869 945 2966 (2)
964 2870 1246 2969 descripsimus,
1260 2877 1294 2940 in

292 2980 507 3071 ventriculis
533 2989 672 3059 cerebri
700 2988 1020 3089 apopleetieorum
1043 3013 1120 3058 non
1145 2993 1294 3088 reperiri

294 3109 474 3201 majorem
489 3119 808 3174 excrementorum
825 3110 973 3202 copiam
982 3132 994 3192 ‚·
1011 3129 1290 3201 quameommu·

295 3228 391 3291 niter
405 3228 443 3299 in
461 3222 631 3291 comibus
648 3217 749 3307 altis,
766 3221 804 3291 id
822 3236 863 3292 ut
878 3223 948 3319 ipsi
964 3223 1003 3291 in
1020 3222 1064 3292 iis
1081 3247 1178 3318 quos
1202 3221 1290 3294 forte

292 3338 693 3426 incidit,usuvenerit;
710 3338 749 3407 in
767 3364 845 3408 non
860 3340 988 3436 paucis
1002 3325 1125 3409 multo
1141 3364 1246 3411 secus
1260 3363 1291 3409 se

279 3453 462 3525 babere:
486 3455 622 3525 deinde
652 3481 733 3526 eam
759 3481 918 3553 aquam,
936 3472 973 3527 et
999 3458 1029 3526 si
1054 3456 1233 3528 morbum
1257 3458 1290 3524 in

295 3571 522 3673 quibusdam
548 3598 627 3643 non
646 3570 773 3662 faciat,
798 3598 934 3671 augere
962 3588 1291 3671 tamen‚.e0queo
