2774 4670
307 454 377 528 518
472 478 520 524 nr
545 477 690 527 sumnus
713 476 758 527 ar
784 476 908 527 causis
932 478 1141 527 noaaoaun

304 591 426 663 debat.
447 595 492 661 In
512 589 678 678 thorace,
695 591 827 688 pulmo
842 591 973 663 dexter
981 591 1154 690 undique
1168 594 1304 691 pleurae

306 709 487 795 tenaciter
498 707 737 779 adhaerebat:
759 723 795 780 et
816 706 947 781 dexter
960 724 1088 781 tamen
1103 719 1142 782 e't
1165 710 1308 783 sinister

306 827 421 899 nullis
440 824 606 897 distincti
627 840 733 897 erant
759 826 932 914 maculis,
959 842 996 898 et
1015 829 1178 899 omnino
1202 829 1308 900 illesi.

308 950 384 1018 Cor
408 943 551 1015 nullam
579 945 801 1042 polyposam
823 946 1106 1017 concretionem
1139 944 1309 1017 babebat

306 1068 411 1139 Inter
428 1061 574 1134 cerebri
592 1064 787 1159 meninges
802 1061 1002 1135 mediocris
1023 1064 1099 1135 seri
1120 1061 1312 1161 stagnabat

308 1182 426 1278 copia.
448 1179 602 1253 Cerebri
623 1195 749 1251 autem
771 1181 888 1278 ipsius
905 1182 1093 1278 posterior
1112 1205 1225 1279 pars,
1241 1205 1313 1276 non

307 1298 529 1386 rotundata,
545 1296 593 1369 ad
613 1297 784 1393 cubicum
801 1299 927 1395 potius
945 1295 1105 1369 fonnem
1119 1297 1314 1370 videbatur

308 1414 496 1486 accedere.

363 1557 415 1603 ro.
443 1539 607 1630 Apparet
622 1558 666 1603 ex
676 1531 747 1603 bac
762 1532 929 1619 historia,
942 1532 1074 1629 quanti
1087 1530 1229 1605 referat
1244 1534 1312 1631 pri·

310 1674 433 1737 mum,
453 1664 613 1738 matres,
633 1673 720 1723 cum
740 1665 892 1721 uterum
917 1647 1062 1737 ferunt,
1079 1650 1231 1739 valere,
1250 1675 1312 1722 nec

310 1768 516 1838 meraciore
536 1765 626 1836 vino
644 1765 765 1852 abuti,
789 1765 927 1836 deinde
944 1762 1144 1837 infantium
1165 1767 1314 1841 acbores

311 1900 349 1957 et
367 1883 531 1957 scabiem
544 1882 805 1980 intempestive
820 1907 900 1953 non
918 1883 1059 1954 siccari.
1079 1886 1178 1955 Nam
1199 1884 1314 1957 denti·

310 2004 363 2087 tio
384 2000 552 2097 quidem,
581 2015 624 2072 ut
645 1999 734 2072 alias
760 2000 889 2097 scripsi
911 2000 982 2097 (ι),
1004 2015 1087 2071 tum
1115 2026 1314 2073 nervorum
1377 2036 1378 2045 ¹

184 2161 188 2166 ·
312 2118 572 2205 distentiones,
582 2106 787 2189 tumsimul
796 2141 909 2215 opem
919 2117 1242 2207 laturos,siintra
1251 2144 1316 2190 mo

315 2235 407 2309 dum
428 2235 519 2322 sint,
533 2233 606 2306 alvi
622 2233 747 2309 fluxus
759 2234 927 2307 inducit:
944 2234 1011 2307 sed
1029 2233 1072 2304 bi
1089 2234 1316 2325 minus,an

313 2352 400 2450 plus
416 2352 562 2442 valent,
583 2353 767 2450 siquando
789 2353 937 2450 sanguis
960 2353 1194 2431 irritantium
1211 2354 1316 2451 parti·
1376 2372 1377 2377 ’

194 2506 198 2513 ’
315 2469 503 2556 cularum,
520 2492 603 2566 quae
620 2470 690 2541 alia
707 2471 765 2541 via
779 2469 863 2566 ejici
877 2486 1147 2560 consuessent,
1160 2486 1256 2545 tunc
1271 2496 1317 2542 re

315 2586 460 2659 dundet
479 2588 602 2685 copia,
631 2588 734 2661 velut
760 2587 832 2659 hic.
855 2588 1029 2684 Figuram
1053 2603 1183 2659 autem
1207 2604 1317 2661 exter·

316 2729 402 2775 nam
419 2704 582 2791 cerebri,
598 2730 680 2802 quae
697 2706 816 2776 cranii
823 2703 986 2777 formam
996 2707 1102 2803 sequi
1120 2705 1232 2793 solet,
1245 2729 1319 2804 pos·
1375 2700 1376 2737 ³

317 2847 377 2909 se,
407 2847 495 2893 cum
521 2823 703 2893 naturalis
731 2847 811 2893 non
830 2837 903 2909 est,
926 2821 1092 2895 indicare
1118 2823 1265 2920 aliquid
1288 2825 1319 2892 in

318 2954 506 3010 structura
532 2963 686 3036 quoque
708 2939 857 3011 interna
876 2937 980 3036 quod
998 2939 1045 3011 ab
1066 2955 1213 3012 naturae
1227 2942 1319 3013 insti·

230 3150 236 3161 ¹
321 3070 404 3127 tuto
422 3057 562 3154 pariter
580 3055 798 3144 abhorreat,
823 3071 860 3127 et
876 3057 1036 3154 pronius
1051 3056 1147 3131 iliud
1161 3058 1211 3130 ad
1232 3062 1316 3130 mor·
1374 3112 1375 3149 ,

321 3175 392 3248 bos
414 3171 539 3263 faciat,
560 3199 639 3245 non
659 3174 809 3249 videtur
823 3179 981 3248 omnino
999 3178 1231 3276 negandum.

369 3298 561 3365 Hactenus
597 3292 774 3363 Valsalvae
812 3292 1096 3369 observationes
1124 3295 1314 3394 proposui,

325 3418 428 3481 nunc
452 3410 500 3481 ad
528 3436 629 3483 meas
650 3426 819 3501 transe0,
847 3415 955 3484 initio
977 3415 1177 3489 aduabus
1200 3432 1314 3514 capto,
1373 3438 1374 3447 ¹

322 3552 415 3625 quas
434 3528 525 3599 olim
542 3554 629 3599 cum
650 3531 733 3626 ipso
754 3529 891 3619 habui3
913 3531 1147 3630 chartaque,
1165 3533 1205 3604 id
1226 3528 1314 3631 qnod

322 3648 404 3743 ipse
431 3643 539 3716 facile
563 3671 642 3721 non
666 3648 806 3745 potuit,
842 3650 984 3747 quippe
1016 3649 1313 3749 occupationibus

321 3780 413 3835 tunc
426 3764 586 3835 maxime
603 3764 808 3857 distentus,
826 3768 1006 3838 commisi.

362 4005 407 4081 (ι)
427 4005 520 4080 Epist.
533 4025 565 4081 9,
580 4026 610 4065 n,
626 4014 642 4073 4
650 4050 665 4079 „
674 4019 703 4064 et
717 4009 810 4085 Epist.
823 4009 858 4069 in
869 4008 1018 4069 Samonic·
1030 4012 1054 4069 I.
