2774 4666
245 490 247 499 Α
298 408 367 499 194
460 426 507 476 nr
534 424 680 473 srnrrus
705 426 749 474 sr
776 425 898 473 cars1s
924 425 1132 473 nonronun

291 537 576 637 plicationibus,
590 553 627 612 et
643 537 716 609 situ
731 539 937 637 praesertinr
953 540 993 615 in
1008 542 1126 613 cranii
1142 539 1223 614 basi
1242 565 1296 610 re·

292 657 426 754 petitis.
447 661 541 727 Cum
558 656 658 730 enim
669 653 747 725 haec
763 656 907 743 omnia,
922 670 1037 753 atque
1052 657 1143 745 alia,
1160 656 1297 753 quibus
1373 690 1374 731 t

292 787 328 844 et
345 774 501 870 insignis
517 773 579 845 illa
601 771 810 871 adjicienda
832 766 949 845 estad
966 774 1115 845 initium
1142 776 1296 845 internae

290 914 393 962 venae
407 890 591 990 juguleris
607 889 792 978 dilatatio,
809 914 854 963 eo
881 906 1070 990 spectent,
1094 907 1137 963 ut
1156 890 1298 963 tardius

291 1033 311 1078 e
330 1006 487 1081 cerebro
505 1008 655 1107 sanguis
671 1007 818 1095 redeat3
836 1023 918 1080 tum
936 1033 1026 1081 vero
1042 1009 1164 1087 multo
1183 1011 1298 1107 magis
1374 1020 1375 1047 ³

291 1139 489 1223 augentur,
498 1140 541 1200 ut
551 1139 642 1199 tunc
652 1122 795 1207 dictum
807 1140 872 1215 est,
882 1139 990 1199 certae
1000 1125 1173 1223 quadarn
1184 1147 1300 1199 cause

289 1242 473 1318 tarditatis
487 1240 535 1312 ab
551 1243 633 1340 ipso
650 1242 767 1315 cranii
779 1242 905 1340 positu
921 1244 961 1315 in
977 1245 1113 1342 supino
1130 1244 1301 1341 corporis
1375 1312 1376 1331 ,

290 1362 382 1449 situ,
398 1383 520 1464 eoque
531 1359 653 1455 major
662 1359 970 1456 congestionibus
984 1362 1180 1460 sanguinis
1194 1386 1299 1433 occa·

290 1480 344 1548 sio
359 1476 487 1569 datur,
500 1477 601 1549 unde
613 1477 724 1547 etiam
738 1476 943 1574 repetenda
959 1502 1070 1560 causa
1082 1492 1211 1566 est,ut
1222 1479 1298 1576 'opi-
1334 1498 1336 1501 ·

290 1621 380 1684 nor,
396 1620 465 1669 cur
487 1596 553 1699 qui
575 1608 732 1692 propter
755 1593 855 1667 illius
878 1592 1127 1673 difficiliorem
1152 1610 1297 1669 motum
1376 1614 1377 1639 ³

290 1715 366 1798 sive
382 1738 403 1785 a
420 1711 666 1785 crassitudine
684 1725 720 1781 et
737 1711 903 1801 lentore,
927 1715 1003 1785 sive
1020 1738 1041 1784 a
1058 1713 1299 1811 plenitudine

290 1827 1299 1931 eareditusdiffieultassit,repentemoriuutur,eorum

194 1980 196 1987 ¹
292 1947 421 2048 plures
437 1948 476 2051 in
495 1944 591 2020 lecto
607 1949 748 2022 mortui
763 1948 1005 2021 inveniantur
1022 1947 1036 2044 (
1062 1947 1086 2043 ).

331 2261 378 2339 (⁴⁴)
393 2265 429 2318 In
440 2262 531 2318 variis
544 2262 675 2337 epistolae
685 2262 770 2333 locis,
785 2267 966 2339 Morgagnus
974 2260 1051 2320 hanc
1063 2256 1301 2337 propositionem

292 2363 390 2420 emisit
406 2364 624 2439 compressione
649 2375 741 2419 aortae
761 2364 948 2438 apoplexiam
970 2361 1035 2419 fieri
1049 2381 1147 2438 posse.
1165 2365 1302 2419 Profecto
1378 2340 1379 2409 ἶ

285 2482 355 2521 non
367 2463 493 2526 dubium
505 2474 550 2522 est
558 2463 633 2538 quin
645 2461 776 2522 adhunc
788 2464 929 2520 morbum
939 2460 1143 2537 praedisponat
1154 2461 1303 2539 quidquid

290 2563 416 2645 impedit
425 2584 463 2622 ne
474 2564 699 2625 circumferatur
711 2564 829 2640 sanguis
840 2574 869 2622 et
880 2562 1045 2638 praesertim
1058 2561 1245 2638 departibor
1256 2581 1303 2619 sn·

289 2665 459 2739 periorihns
473 2663 594 2721 defluat.
607 2665 809 2738 Quamobrem
823 2663 981 2740 saepissime
994 2662 1217 2725 aneurismatici
1229 2680 1302 2738 apo-

287 2750 388 2839 plexia
401 2764 605 2839 percelluntur
617 2783 625 2832 3
644 2764 802 2819 nonnullas
815 2773 916 2818 tamen
936 2760 1210 2821 animadversiones
1227 2762 1302 2817 offe-

290 2881 400 2920 remus.
417 2863 550 2918 Primum
566 2881 629 2917 non
652 2873 713 2917 tam
738 2860 909 2918 mechanico
932 2859 966 2916 fit
989 2861 1147 2937 apoplexia
1160 2871 1196 2915 ut
1216 2861 1303 2916 nobis

291 2981 460 3039 supponere
471 2962 559 3019 liceat
571 2979 689 3019 causam
702 2980 764 3018 esse
775 2961 1020 3035 impedimentum
1033 2960 1224 3017 simulationi
1239 2980 1303 3017 san-

291 3064 390 3141 guinis
401 3063 433 3118 in
449 3064 584 3119 cerebro.
603 3061 783 3137 Saepissime,
801 3060 970 3117 irritatione
986 3061 1018 3117 in
1032 3061 1243 3138 systematibus
1260 3079 1304 3117 ca·

292 3162 419 3238 pillariis
442 3161 585 3233 efficitur,
608 3181 680 3223 vero
700 3161 847 3220 molimini
876 3159 1081 3237 hemorrsgico
1100 3162 1234 3218 succedit
1253 3180 1305 3218 nec

291 3262 459 3321 efflanditur
471 3261 589 3337 sanguis
605 3262 663 3320 nisi
679 3282 749 3319 cum
763 3262 928 3320 substantia
949 3262 1064 3319 cerebri
1080 3262 1215 3325 emollita
1231 3281 1302 3337 rap-

295 3361 341 3416 tui
357 3343 493 3418 resistere
510 3380 573 3417 non
584 3372 693 3437 potest.
718 3362 812 3433 Dein,
833 3381 895 3420 non
918 3362 1001 3437 quod
1019 3372 1135 3421 aortam
1157 3362 1306 3433 distensus

294 3461 404 3536 premit
425 3471 538 3537 gaster,
568 3463 738 3535 frequenter
759 3461 835 3518 fiunt
857 3472 926 3537 post
951 3450 1045 3520 caonas
1067 3461 1242 3540 apoplexiae.
1271 3464 1306 3518 ln

294 3561 445 3617 anatomia
457 3562 536 3617 enim
550 3562 844 3636 comprobaturhanc
851 3562 1036 3638 pressionem
1049 3560 1116 3618 fieri
1129 3581 1191 3618 non
1203 3580 1299 3636 posse.

291 3663 500 3730 Ventriculus,
516 3682 584 3718 cum
598 3663 706 3737 plenus
719 3674 779 3734 est,
795 3682 857 3717 non
874 3663 932 3717 nisi
946 3663 977 3717 in
993 3662 1131 3737 partibus
1142 3662 1304 3719 anteriori-

293 3761 350 3817 bus
368 3779 402 3817 ac
417 3761 609 3819 inferioribus
623 3761 823 3832 distenditur3
846 3762 945 3819 obstat
963 3762 1042 3847 enirn
1056 3763 1088 3817 in
1101 3773 1186 3837 parte
1203 3774 1306 3837 poste-

293 3861 373 3917 riore
390 3861 771 3939 epiploon‚itaut1nagna
786 3881 857 3919 vasa
872 3872 1021 3939 protegat.
1041 3862 1113 3919 Ideo
1131 3873 1258 3939 propter
1274 3861 1305 3917 id

292 3963 387 4017 solum
400 3960 543 4016 distensio
555 3962 720 4037 apoplexiis
732 3963 827 4032 favet,
838 3963 920 4039 quod
931 3961 1059 4020 musculi
1072 3957 1304 4039 diaphragmatis
