2774 4670
190 470 257 516 ura.
285 471 310 516 1.
339 469 866 534 nnuonarscarrrrs,ar1sr.
894 474 942 519 1x.
995 448 1068 546 469

78 606 154 652 rum
173 582 287 669 modo
312 581 385 679 (ι),
411 583 589 679 epilepsia
603 599 820 655 vexatorum
838 585 1070 659 alumbricis

77 696 242 771 intestina
251 696 511 769 obsidentibus
527 726 534 767 :
552 698 761 797 eodemque
770 700 980 773 observatio
991 703 1069 799 Spi-

78 813 156 909 gelii
171 816 308 901 ,attinet
327 811 381 908 (a)
406 814 445 881 in
471 813 603 884 catello
628 815 865 909 alumbricis
894 820 953 889 sie
971 820 1068 890 inte-

78 944 237 1026 rempto,
255 930 363 1023 cujus
381 911 510 1000 nostra
531 928 633 999 haud
653 932 702 1001 ita
720 932 907 1005 dissimilis
925 949 1002 1022 est,
1021 935 1069 1005 ad

77 1047 335 1118 Vallisnerium
349 1036 443 1137 olim
460 1047 614 1143 scripta,
634 1046 679 1117 ab
699 1048 907 1144 eodemque
923 1049 977 1145 (3)
987 1051 1070 1120 vul-

78 1176 162 1257 gata.
182 1163 253 1235 Sed
273 1179 309 1235 et
326 1163 373 1234 ab
391 1164 471 1233 aliis
492 1163 587 1234 male
603 1161 745 1249 affectis
758 1167 898 1237 ventris
919 1167 1070 1253 uisceri-

77 1277 142 1351 bus
155 1280 259 1351 hunc
275 1280 453 1350 morbum
474 1281 586 1367 oriri,
602 1282 723 1370 nosti,
744 1282 847 1378 quod
869 1295 905 1353 et
922 1282 1071 1354 laudata

76 1399 181 1487 sectio
210 1398 263 1494 (Δ)
294 1378 501 1468 confirmat.
523 1402 665 1468 Verum
685 1400 753 1469 etsi
773 1400 914 1495 Poggio
938 1414 1069 1471 nostro

77 1537 114 1582 ea
131 1517 295 1603 curatio,
311 1541 370 1585 me
390 1515 630 1612 astipulante,
649 1514 900 1587 adhibebatur
912 1542 995 1612 quae
1015 1543 1071 1590 re·

78 1633 254 1720 serandis,
272 1631 542 1721 emundandis,
566 1632 750 1704 leniendis
771 1632 1072 1730 hypoehondriis
1117 1702 1122 1719 ,

78 1749 309 1836 conveniret3
327 1765 452 1818 tamen
480 1750 712 1820 accessiones
731 1749 979 1821 nibilominus
997 1748 1071 1822 fre-

60 1878 231 1958 xquentes
248 1863 422 1933 redibant
435 1889 444 1950 3
465 1879 507 1934 ut
514 1863 590 1959 jam
601 1866 722 1935 vereri
737 1867 1010 1962 inciperemus,
1022 1893 1072 1939 ne

79 1993 182 2075 caput
203 2004 359 2075 quoque
382 1980 506 2075 ipsum
533 2006 670 2050 noxam
693 1982 957 2069 contraheret,
977 2008 1071 2080 prae-

79 2097 198 2165 sertim
216 2119 303 2165 cum
330 2092 518 2194 adhujus
540 2093 761 2163 celeriorem
787 2096 1072 2169 conversionem

78 2210 141 2281 illae
159 2237 264 2282 nunc
276 2223 578 2297 reverterentur,
596 2225 633 2280 et
643 2198 840 2281 sensumin
851 2214 970 2309 capite
980 2239 1074 2312 pon·
1121 2274 1126 2279 ,

77 2325 168 2400 deris
199 2352 287 2399 cum
316 2325 548 2397 hebetudine
577 2325 854 2422 relinquerent,
883 2353 953 2398 nec
985 2356 1071 2402 raro

79 2466 155 2515 cum
170 2447 293 2517 mucis
315 2443 458 2540 aliquid
484 2444 675 2540 sanguinis
695 2459 971 2541 emungeretur.
999 2451 1072 2519 Ita·

80 2586 145 2659 que
160 2587 248 2635 cum
257 2562 334 2658 jam
350 2546 438 2629 inde
456 2557 503 2629 ab
515 2546 622 2628 initio
637 2556 683 2626 ad
700 2557 941 2628 minuendam
955 2561 1072 2656 pleni-

78 2677 241 2751 tudinem
268 2677 489 2777 sanguinem
512 2701 533 2745 a
554 2673 711 2763 brachio
739 2676 852 2746 semel
871 2691 982 2772 atque
1002 2678 1071 2748 ite-

79 2819 158 2865 rum
186 2796 422 2881 eduxissent,
447 2817 517 2863 nec
537 2816 677 2888 eaquae
697 2792 808 2888 capiti
827 2794 995 2863 auxiliari
1012 2820 1073 2866 so·
1140 2812 1143 2821 ’

78 2913 170 3002 lent,
188 2914 278 2986 dare
296 2913 528 2999 omisissent3
549 2926 682 2981 auctor
707 2907 781 2998 fui,
803 2924 844 2980 ut
863 2913 1012 3007 san'guis
1028 2938 1075 2983 ex

79 3031 119 3102 iis
136 3011 291 3130 quoque
313 3031 417 3101 venis
435 3042 620 3126 quaesunt
644 3025 690 3096 ad
710 3050 843 3113 anum,
860 3026 1072 3104 detrahere-

79 3162 154 3238 tur,
169 3166 206 3221 et
219 3149 289 3220 alia
306 3164 418 3244 atque
436 3147 507 3216 alia
529 3146 612 3242 quae
631 3143 807 3214 adversus
830 3143 868 3213 id
888 3145 1011 3215 morbi
1030 3161 1073 3218 ut

78 3266 231 3338 maxime
246 3266 399 3364 propria
415 3263 461 3334 ab
476 3261 719 3333 nobilissimis
738 3261 941 3333 laudantur
959 3262 1074 3333 medi·

81 3382 147 3471 cis,
175 3383 462 3455 exhiberentur:
482 3388 647 3478 quorum
677 3379 754 3450 bruc
780 3379 874 3450 nulli
892 3381 977 3450 usui
994 3379 1074 3471 fue-

114 3694 156 3771 (1)
174 3697 247 3754 Ohs.
267 3696 364 3766 ead.§
383 3706 442 3749 aet
458 3694 556 3750 Sehol.
575 3693 613 3748 ad
626 3693 689 3750 obs
710 3691 795 3749 151n
808 3694 961 3752 auditam

147 3785 256 3871 )1h‘id.
270 3797 334 3850 obs.
350 3798 438 3864 lr,§

180 3894 368 3951 Consideraz.
384 3893 437 3948 int
453 3814 510 3947 alla
522 3910 621 3969 gener.
641 3892 684 3964 de'
697 3890 810 3950 Verm'u

149 3894 160 4071 l
181 3995 252 4053 Obs
270 3995 309 4069 39
322 4012 389 4051 cum
406 3993 505 4052 Schol.

118 3792 147 3869 (a

118 3891 146 3968 (3

119 3990 147 4071 (l
