2862 4668
266 489 292 564 6
576 504 810 553 nrsronra
843 504 964 555 virts

266 637 408 698 arctam
422 594 547 718 juniiit
566 619 767 690 amicitiam
782 644 869 691 cum
883 620 1085 692 Dominico
1100 622 1267 721 Gugliel-

262 742 400 826 minio,
420 736 587 809 Venetiis
607 761 693 806 cum
715 740 857 807 Joanne
880 736 1054 827 Polenio,
1072 752 1109 810 et
1120 743 1265 811 loanne

260 856 484 930 Hieronimo
514 853 744 925 Zanichellio
770 854 928 952 aliisque
950 854 1098 945 multis,
1125 853 1266 954 quibus

260 998 301 1049 se
321 998 359 1046 se
378 970 549 1043 moribus
567 987 604 1042 et
619 964 852 1068 optimarum
865 972 1002 1044 artium
1016 971 1140 1045 studio
1159 996 1265 1046 com-

258 1089 473 1166 mendabat:
495 1088 553 1160 Ibi
576 1088 701 1186 quoad
721 1088 886 1161 substitit
908 1076 1014 1187 (non
1036 1089 1176 1164 diutius
1199 1116 1265 1163 au-

258 1222 356 1296 tem,
381 1227 494 1306 qnam
514 1208 668 1304 triginta
690 1207 840 1278 circiter
858 1205 1094 1305 mensibus),
1115 1207 1264 1281 assidue

257 1328 378 1399 autin
396 1324 684 1397 dissectionibus
703 1324 921 1397 animalium
940 1325 1151 1427 majorum,
1170 1351 1266 1428 prae·

258 1444 389 1517 sertim
407 1443 588 1538 piscium,
610 1458 673 1514 aut
695 1443 735 1513 in
754 1467 795 1515 re
818 1441 999 1533 chinsica,
1022 1458 1085 1516 aut
1098 1445 1138 1515 in
1151 1444 1266 1544 phar·

257 1559 487 1649 macentica,
508 1576 572 1632 aut
591 1561 630 1631 in
648 1558 814 1659 physicis
828 1575 864 1633 et
878 1562 1100 1637 anatomicis
1118 1564 1265 1662 experi-

258 1679 418 1765 mentis,
445 1692 510 1750 aut
541 1677 704 1776 denique
731 1678 771 1750 in
801 1679 1029 1757 selectorum
1055 1679 1263 1769 librorum,

259 1820 356 1895 qnos
392 1795 558 1867 studiose
589 1798 853 1895 comparabat,
885 1799 1066 1887 lectione,
1096 1811 1264 1869 versatus

261 1928 327 1985 est.
347 1914 411 1983 His
433 1927 489 1984 tot
509 1913 716 1988 instructus
732 1916 979 2014 adjumentis,
996 1931 1089 1990 tunc
1110 1912 1264 1987 demum

258 2030 368 2129 praxi
390 2029 543 2101 medicae
567 2032 606 2102 in
628 2032 747 2131 patria
769 2057 807 2105 se
826 2034 1007 2124 accinxit,
1026 2056 1070 2106 ea
1090 2028 1265 2104 felicitate
1316 2040 1319 2047 “

261 2171 345 2245 quae
363 2146 689 2220 observationibus
717 2149 807 2221 dum
830 2151 1008 2223 Bononiae'
1029 2146 1189 2250 degebat
1217 2147 1265 2220 ad

259 2265 519 2363 agrotantium
547 2264 705 2337 lectulos
721 2266 860 2363 jugiter
882 2284 926 2338 ac
947 2267 1105 2340 solerter
1126 2264 1265 2339 habitis

261 2398 298 2459 et
318 2382 483 2481 pristinae
502 2382 604 2481 apud
629 2404 716 2457 snos
735 2382 840 2455 famae
857 2382 1125 2484 responderet3
1145 2408 1264 2482 quum

201 2550 205 2557 -
260 2501 363 2571 enim
378 2499 569 2571 relaxandi
581 2501 772 2599 paulisper
783 2502 900 2573 animi
920 2525 1030 2574 causa
1047 2502 1204 2574 domum
1215 2524 1266 2579 se

259 2618 430 2691 cessisset
443 2641 486 2689 ea
507 2614 554 2689 de
571 2618 654 2716 ipso
668 2619 799 2715 opinio
817 2615 938 2691 fuerat
953 2630 1109 2692 suorum
1127 2618 1265 2693 civium

256 2751 303 2808 nt
323 2734 370 2811 ad
384 2733 607 2835 amplissimi
623 2736 663 2806 in
677 2736 827 2808 civitate
835 2736 906 2807 viri
917 2733 1109 2827 abditum,
1128 2738 1268 2837 gravis·

259 2855 475 2952 simumque
496 2851 674 2924 morbum
698 2852 1019 2952 dignoscendum,
1038 2870 1094 2945 et,
1125 2857 1157 2928 si
1180 2852 1264 2941 fieri
1365 2856 1367 2861 ’

258 2956 412 3071 posset,
430 2968 612 3069 exaliqua
626 2970 756 3044 saltem
769 2986 874 3070 parte
886 2970 1088 3045 levandum
1103 2972 1264 3045 advoca·

258 3107 381 3178 retur,
408 3110 573 3186 quorum
590 3105 794 3188 utrumque
815 3092 963 3190 egregie
981 3090 1163 3190 praestitit.
1182 3094 1263 3161 Jam

258 3231 351 3279 vcro
370 3207 410 3277 in
430 3206 550 3304 patria
574 3231 815 3281 commorans
830 3232 911 3280 eam
930 3205 1033 3306 apud
1051 3230 1185 3279 omnes
1203 3232 1266 3278 ac-

260 3325 413 3424 quisivit
431 3321 608 3397 fiduciam
633 3341 675 3398 ut
692 3326 754 3396 vix
773 3325 965 3426 aegrotatio
990 3323 1104 3423 paulo
1130 3320 1266 3398 diffici-
1324 3321 1329 3327 ’

257 3440 333 3514 lior
354 3440 551 3528 acciderit,
574 3445 666 3541 quin
688 3468 708 3514 a
731 3442 943 3516 senioribus
966 3442 1059 3542 ipsis
1083 3442 1264 3532 medicis,

259 3559 331 3632 sibi
355 3560 479 3631 socius
501 3575 697 3658 optaretur
719 3565 977 3651 Monoleum,
1005 3560 1099 3633 adeo
1121 3577 1201 3635 erat
1226 3562 1266 3632 in

259 3676 498 3750 observando
519 3693 702 3770 attentus,
724 3680 763 3750 in
787 3673 1027 3777 praedicendo
1052 3694 1203 3765 cautus,
1223 3680 1265 3748 in

257 3796 428 3869 curando
443 3793 541 3867 felix.
562 3799 652 3886 Quae
671 3820 756 3869 cum
778 3798 857 3869 sine
876 3795 1022 3868 assidua
1039 3796 1154 3866 animi
1172 3819 1265 3866 con-

252 3917 442 4005 tentione,
454 3930 490 3987 et
504 3917 675 4013 corporis
687 3913 903 4013 fatigatione
917 3936 995 3986 esse
1009 3937 1088 3985 non
1097 3928 1264 4013 possent,

250 4033 462 4133 intelligere
480 4034 648 4131 primum
661 4033 794 4131 coepit,
814 4033 844 4104 si
865 4033 918 4107 sic
932 4056 1050 4133 porro
1065 4045 1262 4132 pergeret,
