2774 4670
309 442 377 517 522
471 466 518 512 nr
543 463 689 513 scurrus
713 465 758 513 rr
781 464 906 513 crusis
926 466 1142 513 notrorum

309 576 406 677 adua
432 592 539 679 septo
562 592 799 666 transverso,
825 576 941 675 hujus
959 579 1190 677 appendices
1216 578 1306 652 affici

308 696 500 784 debuisse3
518 695 587 769 sibi
607 698 708 767 euim
721 697 810 768 alins
831 721 984 794 qnoque
995 700 1038 767 in
1051 697 1249 771 sacerdote
1266 702 1306 770 si-

310 815 438 886 milem
454 812 587 885 eodem
608 815 647 887 in
666 814 751 887 loco
771 814 949 887 molestie
972 840 1126 887 sensum
1152 841 1235 888 esse
1256 816 1311 887 ad·

311 947 498 1018 notatum,
514 957 584 1004 nec
596 947 723 1004 tamen
741 931 949 1030 quidquam
967 950 1052 1030 post
1070 950 1239 1006 mortem
1255 960 1308 1006 us·

311 1075 426 1149 quam
441 1052 636 1141 inventum
652 1049 756 1148 quod
776 1066 910 1149 praeter
922 1066 1096 1122 naturam
1113 1068 1229 1140 esset,
1247 1054 1309 1124 nisi

311 1192 447 1266 aquam
465 1169 504 1238 in
523 1166 745 1239 thoraceUt
763 1183 804 1239 ut
820 1183 894 1256 est,
910 1183 1011 1240 certe
1023 1184 1189 1266 utraque
1203 1170 1312 1267 expli·

310 1285 428 1373 ratic,
449 1299 574 1383 partes
586 1286 759 1383 respicit,
775 1287 962 1357 anteriore
986 1285 1223 1357 lumbarium
1240 1311 1312 1356 ven

311 1401 503 1474 tebrarnm
535 1398 642 1474 faciei
661 1418 725 1474 aut
754 1404 961 1501 proximas,
995 1420 1060 1474 aut
1092 1403 1308 1474 incidentes.

310 1520 430 1608 Quam
453 1519 577 1590 sedem
599 1545 648 1592 ne
670 1517 767 1592 forte
787 1521 917 1593 credas
932 1522 1044 1594 nimis
1063 1522 1308 1618 posteriorem

310 1660 408 1723 esse,
426 1652 468 1708 ut
481 1635 528 1709 ab
541 1662 640 1734 aegro
654 1640 761 1736 spina
777 1640 903 1736 potins
915 1637 1109 1726 debuerit,
1123 1637 1309 1735 quamab

309 1752 450 1826 domen
474 1755 682 1852 designari,
711 1751 768 1827 inc
787 1757 1020 1843 memineris,
1045 1772 1237 1853 quantum
1255 1756 1309 1825 illa

309 1871 568 1945 vertebrarum
581 1863 933 1946 faciesahextremis
941 1873 1054 1946 distet
1063 1896 1310 1970 suorumpro·
1378 1960 1379 1971 ἵ

309 2015 479 2062 cessnnm
501 1994 773 2087 posteriorum,
790 2005 1052 2088 quantumque
1067 1991 1108 2060 in
1126 1992 1309 2062 anteriora

311 2123 530 2178 recurretur
544 2122 657 2203 atque
673 2105 870 2178 extuberet
881 2109 984 2178 intra
1000 2108 1146 2179 ventris
1163 2133 1310 2194 cavnm3

311 2241 352 2296 ut
370 2250 449 2295 non
462 2226 568 2322 aegris
580 2224 714 2314 mode,
729 2223 795 2297 sed
810 2239 846 2296 et
860 2225 1031 2313 medicis,
1044 2226 1173 2298 minus
1188 2241 1310 2299 aneto

310 2365 391 2415 mes
399 2344 541 2439 gnaris,
558 2343 736 2432 viderim,
754 2366 825 2414 nec
842 2342 973 2431 semel,
992 2344 1239 2440 imposuisse,
1250 2343 1311 2414 dn»
1377 2372 1378 2421 ι

311 2461 451 2546 sitiem,
468 2462 509 2531 in
537 2461 746 2532 macilentis
766 2463 997 2548 praesertim,
1011 2461 1204 2557 insignem
1224 2461 1309 2531 mihi

310 2580 350 2648 in
377 2580 619 2667 mesenterio,
644 2580 674 2649 si
692 2581 836 2676 superis
856 2578 998 2683 placet,
1017 2579 1310 2666 inculcantibus,

306 2721 425 2793 quarn
444 2721 559 2767 manu
572 2696 739 2783 admota,
755 2695 851 2767 nihil
861 2720 959 2783 esse,
971 2696 1045 2765 nisi
1061 2720 1168 2785 eam,
1184 2696 1233 2768 de
1245 2721 1310 2794 qua

310 2804 522 2911 loquimur,
541 2814 658 2911 spinae
679 2810 810 2884 belem
835 2811 1069 2911 deprehendi
1087 2840 1095 2882 ε
1111 2839 1188 2910 qua
1209 2815 1308 2885 dere

310 2955 398 3001 cum
419 2929 606 3002 celebrem
628 2930 719 3002 olim
739 2929 949 3011 medicum,
973 2954 1146 3002 seorsum
1172 2931 1309 3002 abduc·
1376 2914 1377 2981 3

309 3062 390 3118 turn
408 3048 482 3145 (sic
500 3049 602 3118 enim
625 3046 752 3142 soleo)
771 3048 1072 3134 admonuissem,
1086 3050 1248 3119 memini
1258 3050 1306 3145 ip·

309 3189 409 3253 sm,
423 3180 616 3238 anatomes
631 3161 959 3263 contemptoribus
972 3165 1097 3236 valere
1106 3166 1236 3261 jussis,
1245 3189 1308 3236 ma·

224 3368 229 3381 Ι
309 3282 804 3387 ςηειεηιὶὴίςιηῐίειειεςίεεο.Ι

364 3399 417 3473 13.
436 3401 549 3490 Viro,
566 3422 686 3474 annos
704 3424 818 3499 snpra
845 3399 1093 3498 quadraginta
1112 3414 1227 3488 nato,
1249 3398 1306 3496 qui
1374 3476 1376 3501 γ

310 3518 521 3591 cannabem
544 3518 793 3608 carmintbat,
818 3517 975 3617 pallido,
1001 3516 1070 3589 sed
1097 3532 1250 3606 tamen,
1272 3529 1306 3586 nt

311 3634 527 3724 ridebatur,
554 3634 653 3708 bene
677 3637 836 3725 valenti,
865 3650 952 3718 ante
977 3634 1178 3708 biennium
1197 3632 1307 3705 attolli

311 3767 479 3850 coeperat
502 3776 588 3850 pars
615 3754 690 3824 ima
717 3752 881 3849 pectoris
908 3774 1028 3849 prope
1060 3751 1305 3848 cartilaginem

312 3866 554 3941 ensilormem
574 3896 581 3938 :
599 3895 683 3967 quae
699 3894 758 3941 res
774 3870 844 3943 etsi
858 3867 954 3941 nihil
971 3869 1043 3966 ipsi
1060 3860 1242 3939 afferebat
1257 3867 1305 3935 in·

314 3986 524 4075 commodi,
539 3985 760 4084 displicebat
775 4000 912 4059 tamen.
929 3987 1173 4084 Quapropter
1186 3982 1302 4067 mults,
