2774 4666
218 440 287 488 nm.
313 440 339 486 1.
366 433 758 499 summoturum,
784 434 895 485 rerer.
922 436 970 483 tv.
1030 412 1098 510 257

98 552 333 626 tribuerene
350 572 503 624 recusat
523 551 765 646 rationesque
785 549 915 622 saltem
934 550 1102 640 attende,

101 671 341 768 quibusssipse
359 658 569 742 rationibus
593 667 793 741 ostendere
821 682 980 740 conatus
995 676 1102 757 sum,
1131 762 1140 775 ⁸

99 813 236 886 aquam
255 802 319 859 aut
335 787 374 858 id
392 811 521 858 revera
536 785 685 875 fecisse,
702 801 764 857 aut
783 800 884 859 terte
904 783 1104 883 facerepo-

99 909 226 979 tuisse.
246 905 359 996 Quod
385 905 415 976 si
437 902 537 976 ¹forte
562 905 608 976 iis
632 901 844 975 rationibus
864 902 960 973 nihil
985 905 1104 1001 egisse

100 1022 168 1095 tibi
184 1022 337 1111 videor,
354 1037 391 1094 et
401 1046 505 1120 aquae
521 1019 913 1099 effusionemomnino
927 1017 1106 1093 effectum

101 1164 181 1213 esse
195 1140 329 1228 mavis,
348 1163 462 1236 quam
475 1163 646 1227 eausam,
658 1139 759 1228 vide,
776 1152 869 1227 nete
882 1140 1105 1211 invitum-eo

103 1258 269 1329 rationes
283 1255 435 1354 adigant
452 1270 540 1342 tuo,
567 1256 817 1353 utsanguinis
833 1279 988 1353 quoque
998 1253 1110 1328 effu-

104 1374 249 1446 sionem
269 1398 348 1447 non
367 1396 439 1471 pro
466 1397 575 1445 eausa
600 1371 739 1445 habeas
757 1372 972 1470 apopleriae.
989 1373 1107 1463 *Quod

104 1493 166 1588 qui
186 1506 433 1579 censuerunt,
464 1489 566 1562 haud
587 1491 673 1563 satis
692 1490 870 1561 videntur
885 1489 1106 1580 attendisse,

104 1606 306 1681 effusiones
323 1608 515 1705 sanguinis
529 1632 609 1681 non
630 1631 779 1705 semper
792 1606 840 1677 ab
855 1602 1108 1681 distentoru'm

102 1747 278 1796 vasorum
291 1724 487 1821 ruptione,
499 1748 624 1822 neque
633 1723 732 1795 hene
742 1726 1109 1853 semperapraesenti

103 1842 297 1940 sanguinis
313 1866 420 1915 mora
437 1841 622 1940 pendere3
646 1860 822 1917 vasorum
850 1844 952 1913 enim
975 1845 1109 1914 tunice

103 1974 185 2031 tum
202 1957 252 2031 ab
281 1958 474 2046 erosione‚
497 1973 539 2030 ut
557 1959 645 2031 atias
663 1957 719 2054 (1)
744 1960 901 2057 scripsi,
933 1960 1111 2058 pertundi

104 2090 267 2174 queunt,
283 2090 366 2164 tum
382 2090 582 2173 postquam
598 2101 620 2147 a
641 2100 846 2175 praegressa
861 2077 970 2165 olim,
993 2075 1110 2176 idque

103 2195 257 2292 saepius,
275 2217 399 2297 mora,
430 2207 494 2264 aut
520 2195 671 2291 impetu
696 2195 888 2292 sanguinis
913 2209 1109 2269 attenuatae

104 2310 311 2410 plurimum
329 2326 435 2398 sunt,
451 2325 612 2409 repente
628 2336 649 2381 a
665 2311 801 2408 quovis
811 2365 821 2399 ,
831 2310 965 2382 leviori
981 2311 1108 2402 etiam,

101 2431 171 2528 qui
199 2427 383 2517 accedas
403 2429 546 2526 impetu
581 2420 739 2500 omnino
770 2430 975 2526 perrumpi.
1008 2433 1110 2528 Apo-

104 2545 237 2644 plexiae
246 2559 376 2618 eutem
393 2570 475 2642 quae
490 2546 543 2617 sic
560 2543 720 2617 effusum
737 2545 959 2642 sanguinem
977 2570 1112 2618 conse·
1188 2550 1191 2555 ’

104 2675 297 2760 quuntur,
315 2685 409 2733 num
433 2675 662 2732 arestrtante
681 2662 722 2730 in
744 2662 862 2749 vasis,
888 2685 936 2732 an
960 2686 982 2732 a
1004 2686 1110 2732 com-

104 2780 295 2875 primente
305 2792 409 2851 extra
421 2802 507 2851 vasa
519 2775 733 2866 cerebrum,
749 2775 964 2848 efficiuntur
976 2778 991 2847 P
1001 2782 1110 2850 Certe

103 2896 200 2993 quid
217 2894 447 2994 compressio
472 2894 618 2968 cerebri
636 2920 705 2994 per
724 2919 762 2966 se
786 2896 925 2992 possit,
946 2910 1046 2982 arte,
1073 2906 1112 2969 et

104 3035 194 3087 casu
213 3027 407 3087 ostensum
421 3013 636 3112 accepimus
649 3037 737 3083 cum
751 3013 794 3083 iri
804 3007 925 3083 brutis
941 3013 1111 3084 animan-

102 3133 225 3221 tibus,
245 3148 325 3205 tum
342 3136 382 3205 in
400 3132 623 3231 quibusdam
641 3132 860 3207 hominibus
879 3132 1017 3231 quibus
1036 3131 1111 3206 for·

101 3252 203 3323 tuito
214 3275 301 3348 pers
312 3251 430 3322 cranii
442 3276 524 3322 non·
534 3275 648 3359 parva
659 3250 833 3348 adempta
842 3248 982 3340 fuerat3
997 3268 1113 3325 manu
1226 3280 1228 3283 ·

103 3370 208 3451 enim
227 3367 276 3441 ad
286 3367 487 3445 cerebrum
503 3392 698 3466 appresm,
718 3367 848 3439 eudem
864 3371 1002 3464 quaein
1020 3395 1111 3467 apo-

103 3486 249 3583 plexia,
280 3490 528 3584 symptomata
555 3485 803 3574 accedebant3
832 3509 948 3569 manu
964 3503 1110 3578 amota,

102 3604 287 3702 paulatim
304 3603 468 3675 abibant.
489 3608 533 3675 Et
552 3604 603 3675 ne'
616 3603 663 3677 ab
680 3629 723 3674 ea
736 3628 819 3702 quae
830 3603 878 3675 ab
891 3601 1011 3676 effuso
1022 3631 1111 3677 san-

147 3958 191 4036 (ι)
212 3960 306 4036 Epist.
321 3960 357 4030 3,
371 3978 401 4027 ιι,
416 3958 445 4017 3¹.
490 3938 491 3941 Ἴ

183 4101 211 4147 Ι.
