2862 4668
315 466 365 560 74
479 483 526 528 nn
553 478 698 528 sumans
722 480 767 559 ar
791 476 915 526 causis
940 478 1152 529 nouaoanat

313 611 424 679 raut3
447 595 552 691 qnasi
564 609 690 664 natare
699 592 895 664 videbatur
910 599 947 660 in
968 616 1102 690 magua
1121 592 1247 691 copia
1261 595 1337 666 scri

314 721 433 801 acris,
453 713 561 799 salsi,
583 710 838 811 limpidissimi.
875 710 987 801 Quod
1017 714 1058 781 in
1079 710 1165 782 aliis
1198 710 1340 785 obser.-

313 831 551 915 vatiouibus,
576 831 736 927 exempli
757 854 887 916 causa,
912 834 966 900 Jo.
992 828 1231 925 Faancr(1)
1260 830 1339 901 sive

312 948 514 1045 limpidum
538 945 671 1033 luerit,
692 950 767 1018 sive
786 971 912 1035 secuS,
934 945 1226 1020 stimulantibus
1249 970 1337 1018 cor-

312 1066 479 1165 pusculis
492 1064 639 1167 videtur
651 1066 833 1154 caruisse,
854 1079 895 1137 ut
916 1064 1127 1163 premendo
1141 1066 1339 1135 duntaxat

311 1200 465 1256 noceret
475 1209 484 1270 ;
496 1182 682 1281 siquidem
695 1184 762 1254 etsi
771 1198 902 1280 aperto
914 1185 1062 1266 crauio,
1076 1185 1213 1253 omnia
1224 1205 1336 1279 aquae

310 1301 422 1400 plena
443 1303 595 1372 iuventa
613 1317 721 1389 suut;
743 1300 855 1373 dolor
870 1317 995 1372 tamen
1014 1290 1151 1398 capitis
1165 1302 1334 1370 obtusus

308 1415 441 1490 fuerat.
453 1425 592 1490 Verum
605 1418 652 1489 ad
665 1444 773 1491 ovem
787 1435 827 1490 ut
838 1419 1005 1503 redeam3
1019 1420 1096 1489 veri
1108 1434 1165 1488 est
1183 1415 1332 1503 simile,

309 1539 527 1635 meningem
542 1563 624 1634 quae
635 1534 794 1609 fundum
808 1537 1003 1637 operiebat
1018 1535 1229 1607 ventriculi
1241 1533 1333 1604 dex·

310 1657 401 1741 teri,
419 1680 438 1725 a
457 1672 635 1752 congesta
653 1658 790 1728 sensim
808 1680 927 1751 aqua,
948 1654 1159 1751 paulatima
1177 1649 1333 1723 cerebri

309 1770 516 1844 substantia
534 1772 697 1843 avulsam
711 1771 925 1868 ,hujusque
943 1771 1105 1868 disjectae
1121 1769 1330 1868 particulas

308 1888 490 1985 quasdam
515 1913 598 1985 quar
628 1889 699 1985 ipsi
726 1887 978 1975 adhaeseriut,
1007 1884 1269 1974 retinentem,
1287 1886 1328 1975 in

307 2000 518 2076 folliculum
547 2030 628 2078 esse
662 2003 945 2077 conformatam.
984 2005 1097 2096 Quod
1123 2021 1258 2076 autem
1285 2024 1328 2072 ea

307 2145 413 2218 aqua
433 2148 518 2217 pars
536 2149 617 2215 quae
635 2138 747 2217 gustu
769 2123 960 2217 explorata
979 2137 1050 2205 est,
1069 2120 1224 2203 acidula
1246 2118 1326 2190 fue·

307 2238 373 2324 rit,
387 2237 432 2306 id
456 2236 636 2305 nimirum
660 2224 859 2308 confirmat
879 2237 983 2332 quod
1006 2226 1226 2310 indicatum
1241 2250 1324 2325 est,

306 2368 439 2441 antea,
461 2376 597 2448 aquam
619 2354 717 2423 intra
735 2355 905 2422 cranium
926 2351 1102 2443 effusam,
1121 2354 1321 2429 interdum

305 2493 441 2569 posse,
462 2469 571 2539 etiam
589 2467 820 2557 vellicando,
838 2494 956 2540 causae
974 2472 1161 2543 rationem
1179 2471 1321 2544 habere
1408 2496 1409 2499 ¹

305 2589 345 2660 iu
357 2587 501 2659 morbis
512 2587 643 2684 capitis
654 2586 890 2659 inducendis.
906 2591 1220 2687 Decorruptione
1230 2609 1320 2660 vero

304 2708 422 2805 partis
443 2704 613 2794 cerebri,
634 2720 671 2777 et
692 2706 807 2778 totius
835 2721 937 2777 tanta
954 2706 1101 2778 laxitate
1127 2731 1219 2779 cum
1240 2701 1319 2776 ani·
1408 2714 1409 2719 ’

222 2880 225 2883 -
304 2825 412 2897 malis
425 2841 550 2896 tamen
564 2824 640 2894 vita
654 2838 692 2894 et
704 2837 814 2894 motu
828 2824 1049 2920 conjuncta,
1061 2825 1134 2895 erit
1143 2824 1236 2896 alibi
1246 2818 1316 2918 (a),

309 2956 352 3014 nt
361 2945 512 3041 opinor,
522 2941 712 3014 scribendi
722 2941 837 3013 locus.
852 2944 1045 3014 Postremo
1056 2937 1318 3015 ossiscthmoi·

256 3140 258 3144 .
305 3057 363 3130 dis
379 3061 504 3130 erosio
522 3085 599 3130 non
616 3073 706 3131 esta
723 3057 835 3132 nobis
851 3060 931 3130 sine
941 3059 1067 3158 aliqua
1076 3057 1335 3178 animaduer-x

306 3176 410 3247 sione
428 3174 757 3274 praetermittenda.

353 3311 387 3382 8.
416 3313 466 3382 Ut
487 3313 539 3383 sic
560 3335 581 3382 a
599 3313 728 3417 cranio
744 3305 872 3411 aperta
888 3296 969 3384 erat
986 3314 1026 3382 in
1047 3322 1158 3385 nares
1174 3317 1258 3401 via,
1276 3319 1313 3380 et

305 3426 410 3528 quod
432 3430 697 3526 consequitur,
717 3414 763 3502 ab
778 3429 838 3503 his
849 3430 891 3501 in
904 3430 1096 3520 cranium,
1111 3430 1163 3501 ita
1176 3426 1312 3504 silone

302 3547 527 3619 animalcula
546 3547 716 3645 qnaedam
729 3563 932 3648 conspecta
952 3563 1077 3627 essent
1094 3548 1136 3621 in
1153 3543 1310 3622 cerebro

342 3885 386 3964 (π)
406 3885 481 3962 Eph.
499 3888 537 3943 N.
553 3889 586 3944 C.
604 3887 668 3945 dec.
681 3888 713 3960 3,
729 3907 777 3945 an.
793 3890 827 3961 3,
840 3890 904 3946 obs.
920 3907 969 3962 7²·

340 3986 384 4063 (a)
404 3987 476 4074 vtd,
493 3987 589 4064 Epist.
603 4007 638 4063 9,
655 4008 686 4046 n.
705 3987 757 4060 15,
775 3987 811 4047 16
818 4030 829 4064 ‚
842 4007 889 4066 19.
