2862 4668
246 517 321 567 nm,
345 518 370 567 ι.
396 519 444 568 nn
469 504 927 585 uonr1scarrrrs‚nr1sr.
953 519 980 567 1.
1068 493 1117 595 69

99 629 213 702 tione
232 630 392 721 illitum,
407 630 741 707 vehementissimo
753 632 959 732 corripitur
971 629 1115 703 dolore.

99 748 203 819 Huic
213 745 411 837 delirium,
426 764 463 820 et
478 748 686 821 convulsivi
693 765 818 822 motus
825 747 1117 839 acceduntQui-

100 862 176 936 hus
188 888 271 934 una
286 878 371 936 ante
379 863 526 938 obitum
535 865 631 939 hora
640 865 933 966 quiescentibus,
946 882 1009 938 aut
1015 880 1117 938 certe

102 979 177 1052 sub
190 1005 350 1054 sensum
362 1006 442 1053 non
458 983 688 1073 cadentibus,
696 983 1044 1082 apoplecticuscum
1054 979 1119 1055 dil

101 1094 198 1169 licili
220 1100 493 1196 respiratione,
506 1124 639 1198 spuma
654 1102 753 1173 circa
770 1125 832 1190 os,
852 1114 890 1173 et
902 1101 1117 1201 impetuoso

103 1238 147 1286 ac
167 1214 331 1314 turgido
350 1216 462 1314 pulsu
482 1215 621 1305 laetae,
642 1218 788 1290 excedit
801 1218 920 1290 evita.

151 1335 372 1404 Canavnms
392 1330 503 1407 facies
522 1335 601 1407 erat
621 1334 779 1435 pallida,
799 1334 970 1441 membra
991 1349 1117 1407 autem

104 1463 309 1519 contracta
325 1448 475 1521 ab'aere
493 1450 602 1523 valde
621 1450 782 1549 frigido,
803 1476 851 1523 an
873 1477 894 1523 a
914 1472 1119 1550 pragnessa

107 1564 385 1636 convulsione?
404 1566 661 1638 Perieranium
678 1568 780 1640 circa
792 1570 975 1667 sinciput,
991 1569 1120 1641 inuen-

104 1695 192 1754 tum
205 1695 264 1755 est
277 1681 435 1753 crassius
448 1678 589 1754 factum
607 1706 629 1753 a
643 1684 783 1772 succis,
793 1682 973 1782 gelatinoe
987 1685 1028 1756 in
1039 1708 1119 1757 ano-

107 1798 205 1871 dum
227 1798 426 1869 concretis.
448 1800 580 1871 Serum
596 1799 696 1870 inter
708 1802 927 1900 meningem
946 1817 1119 1892 tenuem,

109 1932 144 1990 et
164 1915 370 2004 cerebrum
386 1912 477 2006 fuit,
497 1915 538 1986 in
557 1915 747 2016 hujusque
766 1918 995 2001 ventriculis.
1020 1922 1121 1992 Ven-

107 2048 168 2106 ter
192 2047 369 2132 apertus,
390 2047 526 2131 praeter
550 2032 715 2133 aliquam
740 2035 945 2134 stagnantis
963 2035 1037 2109 scri
1057 2059 1119 2107 co·
1147 2048 1149 2051 ’

109 2154 238 2250 piam,
255 2166 294 2223 et
304 2149 423 2251 hepar
433 2149 590 2241 durum,
602 2149 699 2223 nihil
708 2150 951 2226 adnotatione
961 2150 1120 2251 dignum

111 2268 295 2343 ostendit.
378 2350 382 2359 Α
497 2258 502 2263 ”

163 2386 198 2461 5.
219 2386 300 2460 Illis
311 2380 527 2489 quaprimo
542 2387 627 2461 loco
639 2387 680 2459 in
689 2386 847 2462 historia
860 2403 1009 2461 narrata
1019 2402 1120 2478 sunt,

113 2505 195 2578 haec
209 2503 446 2604 respondent
462 2530 546 2605 quae
564 2519 766 2578 narrantur
781 2519 987 2605 postremo.
1008 2508 1123 2603 Hepa·

112 2624 161 2697 tis
179 2623 342 2695 durities
357 2621 558 2722 significat,
581 2621 724 2696 doloris
741 2622 843 2696 illius
859 2604 925 2721 qui
943 2624 983 2695 in
1002 2620 1122 2721 hypo·

117 2738 311 2813 chondrio
320 2737 475 2810 dextero
487 2763 685 2839 recurrere
697 2737 829 2812 solitus
841 2736 1123 2829 fuerat‚causam

116 2855 227 2930 facile
240 2853 404 2934 fuissein
417 2853 565 2953 hepate,
575 2854 748 2929 vitiosam
756 2853 874 2928 bilem
886 2867 1123 2943 secernente,

117 2974 348 3072 cujuscopia
369 2973 411 3044 in
429 2973 523 3072 cysti
542 2971 701 3045 collecta
719 2971 1020 3077 quotiescunque
1037 2966 1124 3043 affa-

116 3094 185 3166 tim
204 3088 466 3164 effunderetur
482 3091 523 3160 in
542 3087 763 3162 duodenum
779 3088 1018 3178 intestinum,
1034 3085 1125 3160 huic

118 3230 155 3286 et
163 3215 301 3285 vicinae
318 3236 383 3285 eos
395 3211 724 3284 doloresmoveret
735 3210 827 3308 ‚qui
838 3264 848 3299 ,
859 3209 1126 3283 intestinorum

116 3333 257 3404 tunicae
274 3330 572 3404 contractionem
589 3326 675 3425 plus
690 3327 862 3399 minusve
878 3322 1127 3416 invertendo,

118 3450 307 3522 vomitum
324 3471 441 3547 saepe,
458 3445 605 3521 iliacam
624 3456 749 3516 autern
772 3445 993 3543 passionem
1017 3440 1128 3516 alfer-

120 3580 208 3640 rent
232 3560 463 3664 aliqnando.¹
478 3565 574 3634 Cum
594 3575 719 3632 autem
736 3560 941 3635 novissime
960 3558 1072 3632 dolor
1092 3575 1130 3632 et

120 3685 288 3757 vomitus
298 3694 404 3754 tanto
411 3677 667 3778 importunius
674 3700 898 3779 suppressus
910 3691 1129 3777 est,quanto

124 3802 254 3872 utilior
285 3795 416 3870 fuisset
442 3795 609 3869 vomitus
633 3793 726 3867 mali
756 3796 908 3885 causis,
934 3818 955 3866 a
984 3818 1130 3894 nupera

126 3917 308 3990 ebrietate
338 3915 479 4003 auctis,
511 3934 532 3985 e
557 3935 720 4011 corpore
751 3910 967 4008 ej'iciendis3
995 3907 1132 3982 harum

125 4061 210 4135 pars
229 4048 368 4135 caput,
384 4033 525 4133 quippe
553 4031 631 4106 suis
662 4027 859 4105 doloribus
875 4025 1132 4117 infirmatum,
