<?xml version="1.0" encoding="UTF-8"?>
<!DOCTYPE html PUBLIC "-//W3C//DTD XHTML 1.0 Transitional//EN"
    "http://www.w3.org/TR/xhtml1/DTD/xhtml1-transitional.dtd">
<html xmlns="http://www.w3.org/1999/xhtml" xml:lang="en" lang="en">
 <head>
  <title>
</title>
<meta http-equiv="Content-Type" content="text/html;charset=utf-8" />
  <meta name='ocr-system' content='tesseract 3.04.00' />
  <meta name='ocr-capabilities' content='ocr_page ocr_carea ocr_par ocr_line ocrx_word'/>
</head>
<body>
  <div class='ocr_page' id='page_1' title='image "./desedibusetcaus06adelgoog_0397.png"; bbox 0 0 2782 4668; ppageno 0'>
   <div class='ocr_carea' id='block_1_1' title="bbox 305 416 1143 506">
    <p class='ocr_par' dir='ltr' id='par_1_1' title="bbox 305 416 1143 506">
     <span class='ocr_line' id='line_1_1' title="bbox 305 416 1143 506; baseline -0.004 -15"><span class='ocrx_word' id='word_1_1' title='bbox 305 416 379 506; x_wconf 70' lang='lat'>384</span> <span class='ocrx_word' id='word_1_2' title='bbox 474 441 521 489; x_wconf 76' lang='lat' dir='ltr'>or</span> <span class='ocrx_word' id='word_1_3' title='bbox 547 439 692 489; x_wconf 76' lang='lat' dir='ltr'>sturnus</span> <span class='ocrx_word' id='word_1_4' title='bbox 717 442 762 487; x_wconf 77' lang='lat' dir='ltr'>er</span> <span class='ocrx_word' id='word_1_5' title='bbox 786 440 909 488; x_wconf 73' lang='lat' dir='ltr'>causis</span> <span class='ocrx_word' id='word_1_6' title='bbox 935 424 1143 488; x_wconf 67' lang='lat' dir='ltr'>nonnosum</span> 
     </span>
    </p>
   </div>
   <div class='ocr_carea' id='block_1_2' title="bbox 229 551 1385 4067">
    <p class='ocr_par' dir='ltr' id='par_1_2' title="bbox 229 551 1385 4067">
     <span class='ocr_line' id='line_1_2' title="bbox 305 551 1303 652; baseline 0.001 -27"><span class='ocrx_word' id='word_1_7' title='bbox 305 553 428 627; x_wconf 84' lang='lat' dir='ltr'>fronte</span> <span class='ocrx_word' id='word_1_8' title='bbox 439 607 449 642; x_wconf 91' lang='lat'>‚</span> <span class='ocrx_word' id='word_1_9' title='bbox 460 552 627 650; x_wconf 89' lang='lat' dir='ltr'>hincque</span> <span class='ocrx_word' id='word_1_10' title='bbox 641 553 831 624; x_wconf 87' lang='lat' dir='ltr'>interdum</span> <span class='ocrx_word' id='word_1_11' title='bbox 850 551 1016 651; x_wconf 80' lang='lat' dir='ltr'>frigidus.</span> <span class='ocrx_word' id='word_1_12' title='bbox 1034 555 1193 652; x_wconf 82' lang='lat' dir='ltr'>Sanguis</span> <span class='ocrx_word' id='word_1_13' title='bbox 1206 580 1229 625; x_wconf 85' lang='lat' dir='ltr'>e</span> <span class='ocrx_word' id='word_1_14' title='bbox 1243 581 1303 627; x_wconf 89' lang='lat' dir='ltr'>na·</span> 
     </span>
     <span class='ocr_line' id='line_1_3' title="bbox 304 668 1302 760; baseline -0.001 -18"><span class='ocrx_word' id='word_1_15' title='bbox 304 670 411 742; x_wconf 82' lang='lat' dir='ltr'>ribus</span> <span class='ocrx_word' id='word_1_16' title='bbox 425 672 540 741; x_wconf 87' lang='lat' dir='ltr'>semel</span> <span class='ocrx_word' id='word_1_17' title='bbox 558 668 681 754; x_wconf 83' lang='lat' dir='ltr'>fluxit,</span> <span class='ocrx_word' id='word_1_18' title='bbox 697 693 778 755; x_wconf 86' lang='lat' dir='ltr'>non</span> <span class='ocrx_word' id='word_1_19' title='bbox 792 669 943 743; x_wconf 88' lang='lat' dir='ltr'>multus.</span> <span class='ocrx_word' id='word_1_20' title='bbox 954 670 1056 760; x_wconf 90' lang='lat' dir='ltr'>Quin</span> <span class='ocrx_word' id='word_1_21' title='bbox 1068 671 1182 740; x_wconf 85' lang='lat' dir='ltr'>etiam</span> <span class='ocrx_word' id='word_1_22' title='bbox 1200 669 1302 742; x_wconf 90' lang='lat' dir='ltr'>dolor</span> 
     </span>
     <span class='ocr_line' id='line_1_4' title="bbox 299 785 1383 883; baseline 0.002 -24"><span class='ocrx_word' id='word_1_23' title='bbox 299 788 404 859; x_wconf 85' lang='lat' dir='ltr'>cirea</span> <span class='ocrx_word' id='word_1_24' title='bbox 423 810 572 873; x_wconf 88' lang='lat' dir='ltr'>aurem,</span> <span class='ocrx_word' id='word_1_25' title='bbox 595 800 631 857; x_wconf 88' lang='lat' dir='ltr'>et</span> <span class='ocrx_word' id='word_1_26' title='bbox 649 810 829 856; x_wconf 90' lang='lat' dir='ltr'>manuum</span> <span class='ocrx_word' id='word_1_27' title='bbox 840 785 985 883; x_wconf 74' lang='lat' dir='ltr'>,digitos</span> <span class='ocrx_word' id='word_1_28' title='bbox 1003 785 1186 876; x_wconf 89' lang='lat' dir='ltr'>obortus,</span> <span class='ocrx_word' id='word_1_29' title='bbox 1212 788 1302 859; x_wconf 82' lang='lat' dir='ltr'>visus</span> <span class='ocrx_word' id='word_1_30' title='bbox 1382 856 1383 861; x_wconf 75' lang='grc'>,</span> 
     </span>
     <span class='ocr_line' id='line_1_5' title="bbox 305 900 1302 1000; baseline 0 -26"><span class='ocrx_word' id='word_1_31' title='bbox 305 902 507 1000; x_wconf 86' lang='lat' dir='ltr'>aliquando</span> <span class='ocrx_word' id='word_1_32' title='bbox 524 917 581 974; x_wconf 84' lang='lat' dir='ltr'>est</span> <span class='ocrx_word' id='word_1_33' title='bbox 600 917 740 977; x_wconf 84' lang='lat' dir='ltr'>naturae</span> <span class='ocrx_word' id='word_1_34' title='bbox 762 916 939 975; x_wconf 88' lang='lat' dir='ltr'>conatum</span> <span class='ocrx_word' id='word_1_35' title='bbox 968 900 1135 974; x_wconf 83' lang='lat' dir='ltr'>indicare</span> <span class='ocrx_word' id='word_1_36' title='bbox 1166 903 1302 1000; x_wconf 82' lang='lat' dir='ltr'>aliquid</span> 
     </span>
     <span class='ocr_line' id='line_1_6' title="bbox 306 1010 1383 1116; baseline 0.001 -25"><span class='ocrx_word' id='word_1_37' title='bbox 306 1020 354 1091; x_wconf 91' lang='lat' dir='ltr'>ad</span> <span class='ocrx_word' id='word_1_38' title='bbox 369 1044 429 1090; x_wconf 88' lang='lat' dir='ltr'>eas</span> <span class='ocrx_word' id='word_1_39' title='bbox 444 1032 567 1116; x_wconf 86' lang='lat' dir='ltr'>partes</span> <span class='ocrx_word' id='word_1_40' title='bbox 592 1017 817 1116; x_wconf 91' lang='lat' dir='ltr'>deponendi.</span> <span class='ocrx_word' id='word_1_41' title='bbox 849 1023 919 1091; x_wconf 87' lang='lat' dir='ltr'>Per</span> <span class='ocrx_word' id='word_1_42' title='bbox 947 1018 1025 1091; x_wconf 80' lang='lat' dir='ltr'>haec</span> <span class='ocrx_word' id='word_1_43' title='bbox 1047 1033 1208 1090; x_wconf 86' lang='lat' dir='ltr'>ventum</span> <span class='ocrx_word' id='word_1_44' title='bbox 1234 1036 1303 1094; x_wconf 86' lang='lat' dir='ltr'>erat</span> <span class='ocrx_word' id='word_1_45' title='bbox 1382 1010 1383 1049; x_wconf 64' lang='lat'><em>³</em></span> 
     </span>
     <span class='ocr_line' id='line_1_7' title="bbox 306 1133 1301 1234; baseline -0.002 -25"><span class='ocrx_word' id='word_1_46' title='bbox 306 1135 353 1209; x_wconf 84' lang='lat' dir='ltr'>ad</span> <span class='ocrx_word' id='word_1_47' title='bbox 373 1151 549 1234; x_wconf 88' lang='lat' dir='ltr'>quartum</span> <span class='ocrx_word' id='word_1_48' title='bbox 565 1136 754 1209; x_wconf 86' lang='lat' dir='ltr'>decimum</span> <span class='ocrx_word' id='word_1_49' title='bbox 780 1133 902 1223; x_wconf 87' lang='lat' dir='ltr'>diem,</span> <span class='ocrx_word' id='word_1_50' title='bbox 928 1158 1013 1207; x_wconf 86' lang='lat' dir='ltr'>cum</span> <span class='ocrx_word' id='word_1_51' title='bbox 1041 1149 1171 1209; x_wconf 84' lang='lat' dir='ltr'>motus</span> <span class='ocrx_word' id='word_1_52' title='bbox 1200 1160 1301 1234; x_wconf 88' lang='lat' dir='ltr'>appa·</span> 
     </span>
     <span class='ocr_line' id='line_1_8' title="bbox 305 1249 1302 1351; baseline 0 -26"><span class='ocrx_word' id='word_1_53' title='bbox 305 1268 462 1325; x_wconf 87' lang='lat' dir='ltr'>ruerunt</span> <span class='ocrx_word' id='word_1_54' title='bbox 491 1253 698 1324; x_wconf 86' lang='lat' dir='ltr'>convulsivi</span> <span class='ocrx_word' id='word_1_55' title='bbox 725 1266 887 1339; x_wconf 87' lang='lat' dir='ltr'>tumeo,</span> <span class='ocrx_word' id='word_1_56' title='bbox 913 1265 993 1322; x_wconf 90' lang='lat' dir='ltr'>tum</span> <span class='ocrx_word' id='word_1_57' title='bbox 1013 1249 1150 1325; x_wconf 86' lang='lat' dir='ltr'>diebus</span> <span class='ocrx_word' id='word_1_58' title='bbox 1168 1254 1302 1351; x_wconf 85' lang='lat' dir='ltr'>aliquot</span> 
     </span>
     <span class='ocr_line' id='line_1_9' title="bbox 305 1367 1302 1467; baseline 0.001 -28"><span class='ocrx_word' id='word_1_59' title='bbox 305 1372 497 1467; x_wconf 82' lang='lat' dir='ltr'><strong>proximis.</strong></span> <span class='ocrx_word' id='word_1_60' title='bbox 512 1370 727 1466; x_wconf 84' lang='lat' dir='ltr'>Iisdemque</span> <span class='ocrx_word' id='word_1_61' title='bbox 742 1383 868 1439; x_wconf 87' lang='lat' dir='ltr'>tamen</span> <span class='ocrx_word' id='word_1_62' title='bbox 880 1367 1015 1440; x_wconf 86' lang='lat' dir='ltr'>diebus</span> <span class='ocrx_word' id='word_1_63' title='bbox 1027 1393 1125 1467; x_wconf 80' lang='lat' dir='ltr'>aeger</span> <span class='ocrx_word' id='word_1_64' title='bbox 1137 1370 1302 1458; x_wconf 85' lang='lat' dir='ltr'>alacrior,</span> 
     </span>
     <span class='ocr_line' id='line_1_10' title="bbox 307 1483 1301 1585; baseline -0.001 -28"><span class='ocrx_word' id='word_1_65' title='bbox 307 1499 344 1569; x_wconf 84' lang='lat' dir='ltr'>et</span> <span class='ocrx_word' id='word_1_66' title='bbox 363 1487 517 1560; x_wconf 85' lang='lat' dir='ltr'>meliore</span> <span class='ocrx_word' id='word_1_67' title='bbox 533 1501 705 1585; x_wconf 82' lang='lat' dir='ltr'>aspectu3</span> <span class='ocrx_word' id='word_1_68' title='bbox 733 1509 821 1556; x_wconf 89' lang='lat' dir='ltr'>nam</span> <span class='ocrx_word' id='word_1_69' title='bbox 839 1483 931 1558; x_wconf 80' lang='lat' dir='ltr'>faeie</span> <span class='ocrx_word' id='word_1_70' title='bbox 948 1483 1064 1582; x_wconf 86' lang='lat' dir='ltr'>paulo</span> <span class='ocrx_word' id='word_1_71' title='bbox 1083 1501 1174 1558; x_wconf 86' lang='lat' dir='ltr'>ante</span> <span class='ocrx_word' id='word_1_72' title='bbox 1192 1484 1301 1558; x_wconf 78' lang='lat' dir='ltr'>fuerat</span> 
     </span>
     <span class='ocr_line' id='line_1_11' title="bbox 229 1600 1300 1701; baseline 0.002 -27"><span class='ocrx_word' id='word_1_73' title='bbox 229 1602 234 1611; x_wconf 80' lang='grc'><strong>’</strong></span> <span class='ocrx_word' id='word_1_74' title='bbox 305 1601 542 1692; x_wconf 89' lang='lat' dir='ltr'>subtumida,</span> <span class='ocrx_word' id='word_1_75' title='bbox 563 1619 683 1701; x_wconf 85' lang='lat' dir='ltr'>atque</span> <span class='ocrx_word' id='word_1_76' title='bbox 692 1600 886 1690; x_wconf 81' lang='lat' dir='ltr'>sublivida,</span> <span class='ocrx_word' id='word_1_77' title='bbox 912 1603 1029 1699; x_wconf 88' lang='lat' dir='ltr'>iisque</span> <span class='ocrx_word' id='word_1_78' title='bbox 1048 1602 1300 1676; x_wconf 84' lang='lat' dir='ltr'>desinentibus</span> 
     </span>
     <span class='ocr_line' id='line_1_12' title="bbox 305 1719 1301 1819; baseline 0.004 -29"><span class='ocrx_word' id='word_1_79' title='bbox 305 1719 491 1808; x_wconf 88' lang='lat' dir='ltr'>motibus,</span> <span class='ocrx_word' id='word_1_80' title='bbox 511 1722 605 1793; x_wconf 90' lang='lat' dir='ltr'>cutis</span> <span class='ocrx_word' id='word_1_81' title='bbox 618 1720 732 1817; x_wconf 89' lang='lat' dir='ltr'>paulo</span> <span class='ocrx_word' id='word_1_82' title='bbox 748 1735 834 1818; x_wconf 87' lang='lat' dir='ltr'>post</span> <span class='ocrx_word' id='word_1_83' title='bbox 849 1719 1118 1806; x_wconf 81' lang='lat' dir='ltr'>humerorum,</span> <span class='ocrx_word' id='word_1_84' title='bbox 1136 1737 1177 1793; x_wconf 91' lang='lat' dir='ltr'>et</span> <span class='ocrx_word' id='word_1_85' title='bbox 1185 1738 1301 1819; x_wconf 90' lang='lat' dir='ltr'>pecto·</span> 
     </span>
     <span class='ocr_line' id='line_1_13' title="bbox 305 1835 1300 1937; baseline 0.001 -28"><span class='ocrx_word' id='word_1_86' title='bbox 305 1839 360 1933; x_wconf 81' lang='lat' dir='ltr'>ris</span> <span class='ocrx_word' id='word_1_87' title='bbox 372 1838 504 1910; x_wconf 88' lang='lat' dir='ltr'>leviter</span> <span class='ocrx_word' id='word_1_88' title='bbox 524 1836 657 1923; x_wconf 87' lang='lat' dir='ltr'>rubra,</span> <span class='ocrx_word' id='word_1_89' title='bbox 677 1862 720 1908; x_wconf 89' lang='lat' dir='ltr'>ac</span> <span class='ocrx_word' id='word_1_90' title='bbox 740 1837 942 1935; x_wconf 84' lang='lat' dir='ltr'>subaspera</span> <span class='ocrx_word' id='word_1_91' title='bbox 971 1835 1066 1909; x_wconf 79' lang='lat' dir='ltr'>lacta</span> <span class='ocrx_word' id='word_1_92' title='bbox 1085 1853 1143 1911; x_wconf 87' lang='lat' dir='ltr'>est</span> <span class='ocrx_word' id='word_1_93' title='bbox 1161 1866 1170 1907; x_wconf 77' lang='grc' dir='ltr'><strong><em>ε</em></strong></span> <span class='ocrx_word' id='word_1_94' title='bbox 1186 1855 1300 1937; x_wconf 64' lang='lat' dir='ltr'>⁴atque</span> 
     </span>
     <span class='ocr_line' id='line_1_14' title="bbox 303 1952 1300 2052; baseline 0 -23"><span class='ocrx_word' id='word_1_95' title='bbox 303 1970 347 2029; x_wconf 91' lang='lat' dir='ltr'>ut</span> <span class='ocrx_word' id='word_1_96' title='bbox 364 1953 608 2052; x_wconf 82' lang='lat' dir='ltr'>intelligeres,</span> <span class='ocrx_word' id='word_1_97' title='bbox 625 1979 702 2024; x_wconf 91' lang='lat' dir='ltr'>non</span> <span class='ocrx_word' id='word_1_98' title='bbox 722 1954 893 2026; x_wconf 89' lang='lat' dir='ltr'>inutilem</span> <span class='ocrx_word' id='word_1_99' title='bbox 917 1952 1072 2050; x_wconf 89' lang='lat' dir='ltr'>quidem</span> <span class='ocrx_word' id='word_1_100' title='bbox 1096 1953 1207 2029; x_wconf 89' lang='lat' dir='ltr'>hunc</span> <span class='ocrx_word' id='word_1_101' title='bbox 1233 1979 1300 2029; x_wconf 86' lang='lat' dir='ltr'>esse</span> 
     </span>
     <span class='ocr_line' id='line_1_15' title="bbox 304 2070 1384 2171; baseline 0 -27"><span class='ocrx_word' id='word_1_102' title='bbox 304 2086 445 2144; x_wconf 86' lang='lat' dir='ltr'>naturae</span> <span class='ocrx_word' id='word_1_103' title='bbox 461 2086 652 2155; x_wconf 85' lang='lat' dir='ltr'>conatum,</span> <span class='ocrx_word' id='word_1_104' title='bbox 667 2070 730 2149; x_wconf 83' lang='lat' dir='ltr'>sed</span> <span class='ocrx_word' id='word_1_105' title='bbox 742 2085 957 2141; x_wconf 88' lang='lat' dir='ltr'>tamennon</span> <span class='ocrx_word' id='word_1_106' title='bbox 971 2072 1059 2145; x_wconf 86' lang='lat' dir='ltr'>satis</span> <span class='ocrx_word' id='word_1_107' title='bbox 1069 2071 1206 2143; x_wconf 91' lang='lat' dir='ltr'>utilem</span> <span class='ocrx_word' id='word_1_108' title='bbox 1217 2075 1300 2170; x_wconf 75' lang='lat' dir='ltr'>,jam</span> <span class='ocrx_word' id='word_1_109' title='bbox 1382 2096 1384 2171; x_wconf 73' lang='lat' dir='ltr'><strong>j</strong></span> 
     </span>
     <span class='ocr_line' id='line_1_16' title="bbox 306 2176 1383 2286; baseline 0.002 -26"><span class='ocrx_word' id='word_1_110' title='bbox 306 2213 432 2284; x_wconf 92' lang='lat' dir='ltr'>neque</span> <span class='ocrx_word' id='word_1_111' title='bbox 448 2188 599 2284; x_wconf 78' lang='lat' dir='ltr'>vigiliae,</span> <span class='ocrx_word' id='word_1_112' title='bbox 626 2212 752 2285; x_wconf 90' lang='lat' dir='ltr'>neque</span> <span class='ocrx_word' id='word_1_113' title='bbox 778 2188 871 2274; x_wconf 84' lang='lat' dir='ltr'>sitis,</span> <span class='ocrx_word' id='word_1_114' title='bbox 893 2211 1017 2284; x_wconf 89' lang='lat' dir='ltr'>neque</span> <span class='ocrx_word' id='word_1_115' title='bbox 1039 2188 1143 2261; x_wconf 89' lang='lat' dir='ltr'>aliud</span> <span class='ocrx_word' id='word_1_116' title='bbox 1168 2192 1300 2286; x_wconf 84' lang='lat' dir='ltr'>ejusce·</span> <span class='ocrx_word' id='word_1_117' title='bbox 1382 2176 1383 2187; x_wconf 10' lang='grc' dir='ltr'>ἵ</span> 
     </span>
     <span class='ocr_line' id='line_1_17' title="bbox 306 2303 1301 2404; baseline 0.003 -27"><span class='ocrx_word' id='word_1_118' title='bbox 306 2305 411 2377; x_wconf 86' lang='lat' dir='ltr'>modi</span> <span class='ocrx_word' id='word_1_119' title='bbox 428 2305 711 2377; x_wconf 88' lang='lat' dir='ltr'>incommodum</span> <span class='ocrx_word' id='word_1_120' title='bbox 721 2306 882 2403; x_wconf 89' lang='lat' dir='ltr'>amplius</span> <span class='ocrx_word' id='word_1_121' title='bbox 891 2303 1186 2404; x_wconf 73' lang='lat' dir='ltr'>restabotzquin</span> <span class='ocrx_word' id='word_1_122' title='bbox 1204 2311 1301 2380; x_wconf 87' lang='lat' dir='ltr'>etiam</span> 
     </span>
     <span class='ocr_line' id='line_1_18' title="bbox 305 2422 1301 2523; baseline 0.001 -28"><span class='ocrx_word' id='word_1_123' title='bbox 305 2424 437 2523; x_wconf 90' lang='lat' dir='ltr'>pulsus</span> <span class='ocrx_word' id='word_1_124' title='bbox 452 2423 499 2493; x_wconf 89' lang='lat' dir='ltr'>ad</span> <span class='ocrx_word' id='word_1_125' title='bbox 518 2438 659 2497; x_wconf 83' lang='lat' dir='ltr'>naturae</span> <span class='ocrx_word' id='word_1_126' title='bbox 678 2448 852 2495; x_wconf 88' lang='lat' dir='ltr'>normam</span> <span class='ocrx_word' id='word_1_127' title='bbox 877 2422 984 2494; x_wconf 88' lang='lat' dir='ltr'>valde</span> <span class='ocrx_word' id='word_1_128' title='bbox 1006 2423 1223 2497; x_wconf 84' lang='lat' dir='ltr'>accedebat.</span> <span class='ocrx_word' id='word_1_129' title='bbox 1243 2430 1301 2497; x_wconf 85' lang='lat' dir='ltr'>Ve-</span> 
     </span>
     <span class='ocr_line' id='line_1_19' title="bbox 306 2537 1300 2643; baseline 0.003 -32"><span class='ocrx_word' id='word_1_130' title='bbox 306 2565 392 2611; x_wconf 89' lang='lat' dir='ltr'>rum</span> <span class='ocrx_word' id='word_1_131' title='bbox 402 2564 527 2636; x_wconf 90' lang='lat' dir='ltr'>neque</span> <span class='ocrx_word' id='word_1_132' title='bbox 537 2539 757 2627; x_wconf 82' lang='lat' dir='ltr'>stomachus</span> <span class='ocrx_word' id='word_1_133' title='bbox 771 2538 938 2639; x_wconf 72' lang='lat' dir='ltr'>vigebat,</span> <span class='ocrx_word' id='word_1_134' title='bbox 955 2553 993 2612; x_wconf 89' lang='lat' dir='ltr'>et</span> <span class='ocrx_word' id='word_1_135' title='bbox 1002 2537 1109 2643; x_wconf 75' lang='lat' dir='ltr'>facile</span> <span class='ocrx_word' id='word_1_136' title='bbox 1124 2542 1300 2614; x_wconf 83' lang='lat' dir='ltr'>enaribus</span> 
     </span>
     <span class='ocr_line' id='line_1_20' title="bbox 304 2655 1385 2757; baseline -0.005 -23"><span class='ocrx_word' id='word_1_137' title='bbox 304 2662 560 2734; x_wconf 68' lang='lat' dir='ltr'>rixemunctis</span> <span class='ocrx_word' id='word_1_138' title='bbox 571 2659 722 2757; x_wconf 79' lang='lat' dir='ltr'>sanguis</span> <span class='ocrx_word' id='word_1_139' title='bbox 731 2655 951 2744; x_wconf 89' lang='lat' dir='ltr'>distillabat,</span> <span class='ocrx_word' id='word_1_140' title='bbox 969 2671 1007 2729; x_wconf 90' lang='lat' dir='ltr'>et</span> <span class='ocrx_word' id='word_1_141' title='bbox 1019 2681 1108 2729; x_wconf 77' lang='lat' dir='ltr'>mox</span> <span class='ocrx_word' id='word_1_142' title='bbox 1123 2675 1214 2756; x_wconf 90' lang='lat' dir='ltr'>post</span> <span class='ocrx_word' id='word_1_143' title='bbox 1228 2683 1301 2730; x_wconf 79' lang='lat' dir='ltr'>ven·</span> <span class='ocrx_word' id='word_1_144' title='bbox 1384 2684 1385 2709; x_wconf 66' lang='lat'>³</span> 
     </span>
     <span class='ocr_line' id='line_1_21' title="bbox 306 2774 1385 2870; baseline -0.01 -17"><span class='ocrx_word' id='word_1_145' title='bbox 306 2782 374 2853; x_wconf 86' lang='lat' dir='ltr'>tris</span> <span class='ocrx_word' id='word_1_146' title='bbox 391 2780 542 2863; x_wconf 86' lang='lat' dir='ltr'>dolores</span> <span class='ocrx_word' id='word_1_147' title='bbox 558 2776 674 2848; x_wconf 87' lang='lat' dir='ltr'>fluida</span> <span class='ocrx_word' id='word_1_148' title='bbox 686 2774 829 2870; x_wconf 87' lang='lat' dir='ltr'>dejecta</span> <span class='ocrx_word' id='word_1_149' title='bbox 839 2790 927 2849; x_wconf 89' lang='lat' dir='ltr'>sunt</span> <span class='ocrx_word' id='word_1_150' title='bbox 937 2774 1065 2851; x_wconf 88' lang='lat' dir='ltr'>colore</span> <span class='ocrx_word' id='word_1_151' title='bbox 1083 2777 1254 2864; x_wconf 79' lang='lat' dir='ltr'>tabaccr&#39;,</span> <span class='ocrx_word' id='word_1_152' title='bbox 1270 2787 1300 2844; x_wconf 89' lang='lat' dir='ltr'>et</span> <span class='ocrx_word' id='word_1_153' title='bbox 1384 2778 1385 2829; x_wconf 76' lang='lat' dir='ltr'>l</span> 
     </span>
     <span class='ocr_line' id='line_1_22' title="bbox 305 2889 1299 2995; baseline -0.008 -25"><span class='ocrx_word' id='word_1_154' title='bbox 305 2897 438 2970; x_wconf 88' lang='lat' dir='ltr'>diebus</span> <span class='ocrx_word' id='word_1_155' title='bbox 455 2911 541 2995; x_wconf 87' lang='lat' dir='ltr'>post</span> <span class='ocrx_word' id='word_1_156' title='bbox 556 2896 687 2993; x_wconf 89' lang='lat' dir='ltr'>paucis</span> <span class='ocrx_word' id='word_1_157' title='bbox 703 2919 783 2965; x_wconf 89' lang='lat' dir='ltr'>non</span> <span class='ocrx_word' id='word_1_158' title='bbox 799 2895 878 2967; x_wconf 87' lang='lat' dir='ltr'>sine</span> <span class='ocrx_word' id='word_1_159' title='bbox 896 2889 1035 2991; x_wconf 81' lang='lat' dir='ltr'>frigore</span> <span class='ocrx_word' id='word_1_160' title='bbox 1052 2908 1166 2964; x_wconf 82' lang='lat' dir='ltr'>aucta</span> <span class='ocrx_word' id='word_1_161' title='bbox 1187 2908 1242 2965; x_wconf 84' lang='lat' dir='ltr'>est</span> <span class='ocrx_word' id='word_1_162' title='bbox 1258 2890 1275 2962; x_wconf 85' lang='lat' dir='ltr'>l</span> <span class='ocrx_word' id='word_1_163' title='bbox 1287 2928 1299 2944; x_wconf 93' lang='lat'><strong>·</strong></span> 
     </span>
     <span class='ocr_line' id='line_1_23' title="bbox 303 3004 1299 3111; baseline -0.008 -24"><span class='ocrx_word' id='word_1_164' title='bbox 303 3014 391 3087; x_wconf 86' lang='lat' dir='ltr'>bris.</span> <span class='ocrx_word' id='word_1_165' title='bbox 409 3019 539 3111; x_wconf 88' lang='lat' dir='ltr'>Itaque</span> <span class='ocrx_word' id='word_1_166' title='bbox 547 3013 616 3084; x_wconf 90' lang='lat' dir='ltr'>etsi</span> <span class='ocrx_word' id='word_1_167' title='bbox 630 3026 753 3084; x_wconf 87' lang='lat' dir='ltr'>totum</span> <span class='ocrx_word' id='word_1_168' title='bbox 765 3004 1299 3109; x_wconf 85' lang='lat' dir='ltr'>propemodumseptembrem</span> 
     </span>
     <span class='ocr_line' id='line_1_24' title="bbox 303 3129 1299 3225; baseline -0.004 -24"><span class='ocrx_word' id='word_1_169' title='bbox 303 3145 477 3201; x_wconf 87' lang='lat' dir='ltr'>naturam</span> <span class='ocrx_word' id='word_1_170' title='bbox 502 3129 678 3224; x_wconf 78' lang='lat' dir='ltr'>adjuvare</span> <span class='ocrx_word' id='word_1_171' title='bbox 709 3142 864 3199; x_wconf 84' lang='lat' dir='ltr'>conatus</span> <span class='ocrx_word' id='word_1_172' title='bbox 884 3150 985 3214; x_wconf 86' lang='lat' dir='ltr'>sum,</span> <span class='ocrx_word' id='word_1_173' title='bbox 1002 3141 1043 3197; x_wconf 93' lang='lat' dir='ltr'>ut</span> <span class='ocrx_word' id='word_1_174' title='bbox 1063 3150 1126 3199; x_wconf 90' lang='lat' dir='ltr'>res</span> <span class='ocrx_word' id='word_1_175' title='bbox 1152 3151 1299 3225; x_wconf 88' lang='lat' dir='ltr'>poscere</span> 
     </span>
     <span class='ocr_line' id='line_1_25' title="bbox 303 3245 1384 3343; baseline -0.007 -23"><span class='ocrx_word' id='word_1_176' title='bbox 303 3248 545 3335; x_wconf 79' lang='lat' dir='ltr'>videbantur,</span> <span class='ocrx_word' id='word_1_177' title='bbox 564 3249 660 3320; x_wconf 88' lang='lat' dir='ltr'>nihil</span> <span class='ocrx_word' id='word_1_178' title='bbox 673 3248 791 3343; x_wconf 78' lang='lat' dir='ltr'>magis</span> <span class='ocrx_word' id='word_1_179' title='bbox 805 3270 940 3318; x_wconf 87' lang='lat' dir='ltr'>cavens</span> <span class='ocrx_word' id='word_1_180' title='bbox 957 3253 1070 3342; x_wconf 82' lang='lat' dir='ltr'>quam</span> <span class='ocrx_word' id='word_1_181' title='bbox 1085 3269 1136 3317; x_wconf 91' lang='lat' dir='ltr'>ne</span> <span class='ocrx_word' id='word_1_182' title='bbox 1150 3261 1219 3317; x_wconf 89' lang='lat' dir='ltr'>aut</span> <span class='ocrx_word' id='word_1_183' title='bbox 1230 3245 1299 3340; x_wconf 85' lang='lat' dir='ltr'>ejus</span> <span class='ocrx_word' id='word_1_184' title='bbox 1383 3246 1384 3249; x_wconf 71' lang='grc'>’</span> 
     </span>
     <span class='ocr_line' id='line_1_26' title="bbox 303 3364 1298 3463; baseline -0.006 -26"><span class='ocrx_word' id='word_1_185' title='bbox 303 3381 430 3438; x_wconf 84' lang='lat' dir='ltr'>motus</span> <span class='ocrx_word' id='word_1_186' title='bbox 442 3365 683 3463; x_wconf 86' lang='lat' dir='ltr'>impedirem,</span> <span class='ocrx_word' id='word_1_187' title='bbox 698 3379 762 3435; x_wconf 86' lang='lat' dir='ltr'>aut</span> <span class='ocrx_word' id='word_1_188' title='bbox 775 3364 862 3461; x_wconf 85' lang='lat' dir='ltr'>aegri</span> <span class='ocrx_word' id='word_1_189' title='bbox 879 3364 977 3434; x_wconf 81' lang='lat' dir='ltr'>vires</span> <span class='ocrx_word' id='word_1_190' title='bbox 986 3376 1213 3451; x_wconf 78' lang='lat' dir='ltr'>attererem3</span> <span class='ocrx_word' id='word_1_191' title='bbox 1230 3383 1298 3431; x_wconf 89' lang='lat' dir='ltr'>non</span> 
     </span>
     <span class='ocr_line' id='line_1_27' title="bbox 303 3478 1382 3571; baseline -0.006 -18"><span class='ocrx_word' id='word_1_192' title='bbox 303 3483 419 3554; x_wconf 87' lang='lat' dir='ltr'>modo</span> <span class='ocrx_word' id='word_1_193' title='bbox 455 3482 518 3554; x_wconf 92' lang='lat' dir='ltr'>hic</span> <span class='ocrx_word' id='word_1_194' title='bbox 546 3506 625 3555; x_wconf 90' lang='lat' dir='ltr'>non</span> <span class='ocrx_word' id='word_1_195' title='bbox 652 3478 956 3571; x_wconf 82' lang='lat' dir='ltr'>convalescebat,</span> <span class='ocrx_word' id='word_1_196' title='bbox 986 3478 1051 3551; x_wconf 89' lang='lat' dir='ltr'>sed</span> <span class='ocrx_word' id='word_1_197' title='bbox 1081 3480 1243 3551; x_wconf 90' lang='lat' dir='ltr'>morbus</span> <span class='ocrx_word' id='word_1_198' title='bbox 1261 3488 1299 3548; x_wconf 80' lang='lat' dir='ltr'>ex</span> <span class='ocrx_word' id='word_1_199' title='bbox 1381 3478 1382 3481; x_wconf 69' lang='grc'>’</span> 
     </span>
     <span class='ocr_line' id='line_1_28' title="bbox 264 3592 1299 3695; baseline -0.008 -23"><span class='ocrx_word' id='word_1_200' title='bbox 264 3623 269 3628; x_wconf 90' lang='grc'>·</span> <span class='ocrx_word' id='word_1_201' title='bbox 301 3599 439 3695; x_wconf 84' lang='lat' dir='ltr'>morbo</span> <span class='ocrx_word' id='word_1_202' title='bbox 451 3597 653 3670; x_wconf 78' lang='lat' dir='ltr'>oriebatur.</span> <span class='ocrx_word' id='word_1_203' title='bbox 670 3600 764 3667; x_wconf 88' lang='lat' dir='ltr'>Nam</span> <span class='ocrx_word' id='word_1_204' title='bbox 779 3595 960 3694; x_wconf 84' lang='lat' dir='ltr'>postridie</span> <span class='ocrx_word' id='word_1_205' title='bbox 976 3618 1089 3693; x_wconf 79' lang='lat' dir='ltr'>quam</span> <span class='ocrx_word' id='word_1_206' title='bbox 1102 3592 1221 3669; x_wconf 85' lang='lat' dir='ltr'>febris</span> <span class='ocrx_word' id='word_1_207' title='bbox 1232 3649 1243 3684; x_wconf 92' lang='lat'>,</span> <span class='ocrx_word' id='word_1_208' title='bbox 1254 3594 1299 3666; x_wconf 89' lang='lat' dir='ltr'>nti</span> 
     </span>
     <span class='ocr_line' id='line_1_29' title="bbox 302 3711 1297 3804; baseline -0.011 -14"><span class='ocrx_word' id='word_1_209' title='bbox 302 3718 538 3804; x_wconf 88' lang='lat' dir='ltr'>dictumest,</span> <span class='ocrx_word' id='word_1_210' title='bbox 566 3713 742 3791; x_wconf 89' lang='lat' dir='ltr'>nonnihil</span> <span class='ocrx_word' id='word_1_211' title='bbox 765 3737 803 3784; x_wconf 87' lang='lat' dir='ltr'>se</span> <span class='ocrx_word' id='word_1_212' title='bbox 822 3711 1054 3799; x_wconf 86' lang='lat' dir='ltr'>intenderat,</span> <span class='ocrx_word' id='word_1_213' title='bbox 1077 3714 1235 3786; x_wconf 86' lang='lat' dir='ltr'>assiduae</span> <span class='ocrx_word' id='word_1_214' title='bbox 1257 3711 1297 3780; x_wconf 84' lang='lat' dir='ltr'>de</span> 
     </span>
     <span class='ocr_line' id='line_1_30' title="bbox 301 3829 1297 3931; baseline -0.01 -25"><span class='ocrx_word' id='word_1_215' title='bbox 301 3837 362 3906; x_wconf 84' lang='lat' dir='ltr'>siti</span> <span class='ocrx_word' id='word_1_216' title='bbox 378 3834 554 3931; x_wconf 82' lang='lat' dir='ltr'>querelae,</span> <span class='ocrx_word' id='word_1_217' title='bbox 574 3839 610 3903; x_wconf 75' lang='lat' dir='ltr'>et</span> <span class='ocrx_word' id='word_1_218' title='bbox 624 3829 735 3902; x_wconf 83' lang='lat' dir='ltr'>facies</span> <span class='ocrx_word' id='word_1_219' title='bbox 754 3854 796 3901; x_wconf 87' lang='lat' dir='ltr'>ac</span> <span class='ocrx_word' id='word_1_220' title='bbox 813 3830 929 3929; x_wconf 89' lang='lat' dir='ltr'>pedes</span> <span class='ocrx_word' id='word_1_221' title='bbox 940 3844 1151 3925; x_wconf 87' lang='lat' dir='ltr'>tumentes,</span> <span class='ocrx_word' id='word_1_222' title='bbox 1166 3845 1205 3900; x_wconf 91' lang='lat' dir='ltr'>et</span> <span class='ocrx_word' id='word_1_223' title='bbox 1221 3851 1297 3898; x_wconf 89' lang='lat' dir='ltr'>ven·</span> 
     </span>
     <span class='ocr_line' id='line_1_31' title="bbox 297 3947 1296 4067; baseline -0.009 -43"><span class='ocrx_word' id='word_1_224' title='bbox 297 3965 357 4024; x_wconf 89' lang='lat' dir='ltr'>ter</span> <span class='ocrx_word' id='word_1_225' title='bbox 375 3976 487 4050; x_wconf 89' lang='lat' dir='ltr'>supra</span> <span class='ocrx_word' id='word_1_226' title='bbox 506 3948 727 4067; x_wconf 63' lang='lat' dir='ltr'>umbilicum</span> <span class='ocrx_word' id='word_1_227' title='bbox 743 3948 876 4045; x_wconf 85' lang='lat' dir='ltr'>aequali</span> <span class='ocrx_word' id='word_1_228' title='bbox 892 3962 1041 4027; x_wconf 87' lang='lat' dir='ltr'>tumore</span> <span class='ocrx_word' id='word_1_229' title='bbox 1056 3969 1096 4019; x_wconf 90' lang='lat' dir='ltr'>se</span> <span class='ocrx_word' id='word_1_230' title='bbox 1112 3947 1296 4030; x_wconf 86' lang='lat' dir='ltr'>attollens,</span> 
     </span>
    </p>
   </div>
   <div class='ocr_carea' id='block_1_3' title="bbox 0 0 1396 4668">
    <p class='ocr_par' dir='ltr' id='par_1_3' title="bbox 0 0 1396 4668">
     <span class='ocr_line' id='line_1_32' title="bbox 0 0 1396 4668; baseline 0 0"><span class='ocrx_word' id='word_1_231' title='bbox 0 0 1396 4668; x_wconf 95' lang='lat' dir='ltr'> </span> 
     </span>
    </p>
   </div>
  </div>
 </body>
</html>
