2862 4668
309 452 355 531 52
651 471 964 520 rnnasrro.

305 589 364 672 alia
376 628 384 660 ‚
398 598 487 663 atque
500 588 558 645 alia
569 587 641 645 meis
652 588 751 663 grati,
765 597 794 643 et
807 585 996 660 obsequentis
1013 584 1104 642 animi
1121 585 1309 646 testificatio·

303 688 521 767 nibusadjeoi,
537 697 566 744 et
579 686 756 760 exquirique
771 684 829 742 illis
843 683 974 759 epistolis
992 684 1116 741 totidem
1130 686 1214 760 quasi
1228 704 1308 760 prae-

303 788 430 844 fationes
447 788 519 856 feci,
544 776 652 861 quibus
674 785 869 841 dissectorum
893 794 962 857 post
986 784 1108 841 morbos
1131 787 1309 842 cadaverum

214 872 216 875 .
302 907 368 962 quae
382 887 423 944 sit
435 887 565 957 utilitas,
587 860 829 942 demonstrarem.
850 882 955 959 ltaque
979 884 1010 940 in
1034 872 1134 961 prima
1153 885 1308 942 nonnullis

300 987 434 1056 occurri,
447 988 499 1061 qui
510 1005 577 1042 eam
591 986 748 1042 utilitatem
765 984 829 1040 ausi
846 994 914 1040 sunt
940 984 971 1038 in
992 983 1116 1053 dubium
1134 1001 1263 1053 vocare,
1279 995 1308 1041 et

300 1087 452 1162 quomodo
464 1087 523 1143 sint
535 1087 572 1142 ab
587 1083 802 1141 disserentibus
816 1103 824 1152 ;
843 1092 872 1138 et
887 1084 998 1152 sedem,
1017 1100 1193 1156 cansamque
1205 1083 1306 1139 morbi

298 1205 335 1244 ex
347 1185 523 1243 dissectione
538 1183 731 1261 arguentibus
743 1181 880 1254 alioquin
892 1181 1008 1250 faciles,
1024 1198 1089 1254 quae
1104 1178 1306 1252 objiciuntur,

296 1285 486 1360 deceptiones
498 1284 641 1353 vitandae,
659 1278 877 1354 cavendasque,
898 1279 1038 1336 indicavi.
1060 1282 1095 1335 In
1112 1281 1203 1337 altera
1219 1298 1304 1337 eam-
1368 1351 1371 1354 ᾗ

292 1385 364 1443 dem
380 1385 538 1445 utilitatem
559 1383 756 1458 comprobavi
772 1400 808 1437 ex
826 1398 940 1436 summa
957 1377 1151 1435 consensione
1165 1378 1303 1437 medico·

295 1505 363 1545 rum
375 1484 436 1543 fere
450 1485 600 1555 omnium,
617 1492 767 1557 quotquot
779 1481 860 1556 apud
875 1480 1005 1536 excultas
1019 1495 1150 1553 quasque
1162 1480 1301 1537 nationes

291 1605 313 1644 a
325 1586 532 1643 vetustissimis
541 1604 636 1659 usque
648 1581 832 1658 temporibus
842 1581 873 1635 in
885 1578 990 1654 primis
1001 1576 1148 1648 floruere,
1165 1579 1300 1655 singula-

292 1707 361 1746 rum
375 1689 407 1743 in
424 1683 500 1743 hanc
514 1704 576 1740 rem
588 1684 709 1752 merita,
724 1692 752 1737 et
763 1683 975 1755 plerorumque
993 1676 1113 1734 nomina
1132 1696 1168 1733 ex
1191 1678 1300 1735 ordine

290 1805 479 1865 proponens,
493 1802 596 1840 eorum
607 1781 770 1857 praesertim
782 1778 835 1853 qui
851 1787 921 1833 ante
939 1778 1082 1835 Bonetum
1095 1795 1130 1832 ex
1141 1778 1273 1852 propriis
1284 1817 1296 1847 ,

290 1899 342 1945 aut
357 1905 392 1942 ex
407 1884 511 1941 alienis
532 1883 620 1938 etiam
638 1877 898 1936 observationibus
911 1875 1057 1933 confinem
1069 1875 1297 1950 Sepulchretnm

288 1990 458 2044 voluerunt.
471 1983 571 2065 Tertia
580 1983 616 2037 iis
623 1979 811 2057 potissimum
817 1994 991 2051 responsum
999 1986 1051 2045 est,
1062 1977 1134 2050 qui,
1150 1977 1294 2049 quoniam

200 2118 204 2127 r
287 2090 327 2146 ad
340 2089 450 2165 primas
467 2085 529 2142 illas
544 2081 759 2149 abditissimas,
780 2090 809 2134 et
830 2077 966 2134 sensibus
986 2076 1109 2130 omnino
1129 2074 1293 2134 inaccessas

177 2204 178 2211 ’
231 2202 233 2205 ’
286 2194 461 2253 morborum
474 2208 576 2246 causas
592 2184 763 2262 retegendas
776 2183 895 2238 inutiles
913 2192 982 2237 sunt
997 2178 1204 2250 dissentiones,
1224 2180 1293 2236 ideo

178 2301 181 2306 ’
268 2360 270 2363 ,
286 2296 396 2353 frustra
410 2290 525 2347 institui
539 2332 548 2361 ‚
561 2297 691 2363 putant,
710 2285 796 2360 quasi
813 2274 910 2338 nullas
927 2281 1007 2335 intus
1027 2279 1176 2336 evidentes
1189 2274 1304 2338 causas'

284 2382 465 2471 retegerent,
479 2402 531 2447 aut
547 2391 653 2445 barnm
670 2386 782 2442 inutilis
801 2383 909 2439 notitia
929 2391 1005 2436 esset
1023 2388 1183 2453 propterea
1201 2381 1290 2454 quia,
1331 2428 1338 2433 ,

283 2491 330 2550 his
347 2494 418 2568 ipsis
442 2491 584 2566 cognitis,
608 2486 689 2543 haud
705 2485 793 2558 pauci
816 2479 1011 2538 nihilominus
1032 2477 1131 2534 morbi
1153 2496 1216 2533 non
1239 2498 1304 2535 sa·-

281 2594 538 2661 nantnraQnarta
552 2586 746 2661 disquiritur,
764 2594 834 2657 post
851 2581 995 2636 rariorem
1015 2578 1111 2654 (nam
1130 2587 1160 2632 et
1178 2575 1288 2635 horum

281 2694 427 2771 quosdam
441 2688 607 2763 senuimus)
622 2704 661 2741 an
677 2695 744 2758 post
760 2682 853 2757 magis
871 2670 1056 2736 communem
1072 2677 1210 2732 morbum
1232 2679 1287 2735 de-

280 2808 366 2855 natos
377 2794 523 2850 dissecare
540 2787 642 2843 utilius
658 2784 705 2840 sit.
721 2783 833 2853 Quinta
852 2780 980 2853 denique
1000 2776 1054 2832 etsi
1070 2788 1132 2832 turn
1144 2795 1286 2849 sanorum

278 2907 342 2952 tum
354 2894 459 2951 morbo
474 2888 677 2948 confectorum
692 2893 828 2938 anatome
842 2879 879 2935 sit
895 2877 1060 2934 necessaria
1074 2897 1082 2944 ;
1096 2872 1173 2933 hanc
1186 2889 1287 2935 tamen

278 2998 330 3054 illa
342 2997 436 3051 multo
453 3000 514 3046 esse
526 2987 693 3052 utiliorem,
712 2981 886 3038 ostenditur.
901 2982 973 3047 Qun
994 2976 1093 3031 omnia
1112 2987 1146 3031 ut
1162 2988 1286 3050 prseter-

279 3093 440 3159 mittenda,
462 3089 520 3143 alia
539 3086 578 3139 ob
598 3083 684 3138 aliam
703 3098 837 3147 causam,
859 3097 920 3132 non
937 3070 1036 3144 erant,
1056 3075 1097 3130 ita
1113 3075 1139 3130 si
1158 3073 1189 3129 in
1206 3073 1284 3134 hanc

276 3213 367 3252 unam
385 3199 480 3246 essent
491 3177 855 3260 praefationemconjecta,¹
863 3197 897 3231 ex
908 3177 1012 3250 longa,
1029 3176 1146 3247 qualem
1158 3193 1282 3250 prorsus

277 3289 429 3354 caeteruin
450 3289 504 3346 hac
524 3284 650 3341 dicenda
666 3279 879 3354 requirebant,
903 3275 997 3333 multo
1016 3273 1219 3351 longissimam
1236 3275 1283 3332 fe.

275 3398 393 3455 cissent.

316 3512 536 3586 16.'Reliqnnm
547 3510 610 3575 est,
626 3515 661 3560 ut
671 3502 707 3559 de
720 3501 866 3559 indicibus
879 3497 998 3554 tandem
1012 3497 1179 3570 loquamur.
1193 3496 1279 3563 Qua-

206 3676 211 3682 .
270 3633 350 3677 tuor·
361 3613 505 3671 dedimus.
523 3611 659 3677 Quorum
676 3601 865 3657 brevissimus
883 3610 926 3654 est
940 3598 1069 3672 primus,
1090 3591 1281 3668 longissimus

198 3734 202 3740 '
269 3720 401 3779 ultimus.
426 3714 501 3767 Nam
525 3707 641 3782 primus
666 3700 741 3759 nihil
761 3707 1066 3777 praetertargumenta
1092 3694 1276 3779 singularum

269 3818 476 3895 epistolarum,
493 3822 653 3877 earumque
667 3801 801 3857 ordinem
811 3806 1028 3873 praemonstrat.
1042 3798 1110 3864 Quo
1124 3792 1161 3846 de
1170 3792 1278 3848 ordine

267 3916 340 3976 mihi
353 3906 578 3972 deliberandum
590 3921 652 3957 non
665 3900 737 3969 fuit,
752 3902 896 3954 Bonetum
910 3893 1073 3952 necessario
1084 3889 1229 3963 sequenti.
1244 3892 1275 3947 Is

266 4031 382 4086 autem,
398 4023 432 4068 ut
445 4020 517 4064 tunc
535 4001 672 4079 plerique
688 3999 826 4059 solebant
840 3996 965 4068 medici,
988 3995 1051 4054 fere
1070 3989 1272 4047 Alexandrum
