2784 4668
197 473 268 521 m.
295 473 323 520 t.
350 473 398 520 nu
424 470 560 523 rtonrrs
586 470 743 536 carrus,
768 468 881 523 urrsr.
908 473 964 522 ιιι.
1020 448 1086 549 137

67 585 147 668 vit,
164 583 360 717 11er,
385 584 508 682 iisque
532 583 782 658 abnormibus
801 639 812 669 ,
833 601 940 685 septo
964 599 1086 658 trans·

67 726 183 774 verso
199 700 494 791 annectebatur,
507 701 665 776 lividum
683 702 746 774 hic
763 702 839 775 illic
857 704 956 775 eain
974 700 1085 790 facie,

70 820 109 890 in
121 819 247 892 altera
257 835 383 892 autem
399 816 476 893 fere
490 817 654 917 ubique,
676 819 793 894 livore
809 834 935 891 tamen
950 845 1085 919 parum

69 935 282 1034 profundo,
291 935 925 1035 caeteraalbidumsplenicaarteria
933 937 980 1021 ad
990 938 1086 1011 latus

69 1053 242 1128 habebat
258 1056 367 1153 quasi
382 1054 649 1127 diverticulum
665 1053 1015 1152 hemisphaericum‚
1035 1054 1106 1127 id·-

69 1196 145 1269 que
158 1196 335 1260 osseum,
348 1186 386 1243 et
402 1188 582 1244 concreto
592 1223 603 1258 ,
613 1185 656 1242 ut
665 1169 886 1260 videbatur,
903 1172 1084 1270 sanguiue

68 1290 245 1388 plenum.
263 1294 306 1361 In
325 1287 537 1387 pericardio
553 1286 783 1360 subcruenta
798 1310 896 1385 aqua
914 1302 993 1389 erat
1010 1313 1085 1361 me·

68 1406 195 1478 diocri
220 1407 329 1504 copia
350 1432 359 1475 :
382 1406 423 1477 in
448 1404 591 1492 corde,
615 1419 653 1476 et
675 1406 773 1477 vasis
800 1406 945 1504 magnis
972 1406 1097 1503 nullae¹

68 1522 570 1621 concretionespolyposae,
597 1522 755 1619 sanguis
773 1536 942 1612 tantum,
976 1524 1083 1622 isque

68 1666 149 1712 non
181 1663 292 1741 aevo
318 1639 499 1729 mollior,
525 1653 590 1711 aut
620 1638 763 1711 durior.
795 1641 947 1712 Arteriae
968 1656 1083 1713 aortae

68 1757 234 1829 valvulae
250 1756 297 1828 ad
312 1758 432 1831 imum
448 1755 632 1829 ambitum
649 1755 848 1855 praedurae,
867 1772 904 1829 et
920 1754 1084 1830 ossifica·

67 1877 168 1947 tioni
183 1876 377 1974 proximae.
402 1874 605 1949 Pulmones
621 1873 670 1945 ad
689 1889 832 1946 tactum
849 1875 953 1962 sani,
970 1875 1083 1973 paulo

67 2009 199 2065 tamen
225 1978 364 2065 alicubi
390 1990 693 2067 rubicundiores.
719 1993 943 2090 Priusquam
971 2009 1083 2092 caput

68 2110 356 2198 incideremus,
392 2109 555 2209 amplum
581 2110 680 2183 circa
708 2133 753 2181 os
789 2110 973 2182 maculam
1002 2101 1083 2182 ani·

67 2228 344 2305 madvertimus
372 2226 588 2324 ejusmodi,
628 2240 671 2299 ut
712 2224 998 2317 dubitaremus,
1034 2252 1082 2299 an

67 2346 114 2417 ab
127 2345 276 2441 rejecto
285 2346 376 2415 uino
392 2360 488 2417 esset
499 2398 508 2432 ,
518 2370 567 2415 an
581 2356 716 2443 praeter
727 2343 806 2419 ,boc
818 2346 970 2443 sanguis
985 2370 1083 2443 quo·-

70 2490 146 2563 que
157 2464 321 2536 exiisset.
334 2468 386 2536 Os
395 2463 521 2562 ipsum
532 2517 542 2551 ,
555 2463 595 2537 id
605 2462 709 2560 quod
724 2464 858 2561 primis
875 2477 977 2537 certe
992 2487 1084 2562 apo·

67 2581 423 2681 plexiaeborisnon
447 2578 569 2653 fuerat
589 2580 912 2687 auimadpersum,
928 2595 1019 2652 erat
1042 2583 1082 2655 in

71 2700 269 2774 dexteram
287 2713 433 2798 partem
449 2697 672 2785 distortum;
689 2720 816 2794 neque
838 2696 878 2768 id
896 2697 1083 2769 aconvul-

71 2818 206 2904 sione,
224 2796 325 2888 'nam
346 2830 597 2914 praeterquam
623 2812 729 2911 quod
745 2828 868 2902 artus,
888 2829 926 2887 et
941 2813 1082 2886 collum

71 2933 213 3007 flexilia
236 2932 546 3019 erantmaxime,
572 2955 615 3007 os
632 2955 747 3002 manu
764 2933 804 3001 in
826 2955 931 3002 suam
954 2931 1081 3003 sedem

71 3052 234 3138 reduxi,
255 3049 427 3148 partibus
443 3047 574 3138 facile,
593 3063 630 3123 et
647 3049 728 3121 sine
744 3047 821 3119 ulla
837 3049 874 3117 vi
890 3051 1085 3146 sequeuti-¹

69 3168 165 3259 bus,
184 3183 224 3240 et
239 3192 317 3266 quo
338 3165 584 3263 reduxerant,
606 3165 917 3264 permanentibus
933 3193 943 3257 3
967 3182 1009 3238 ut
1027 3166 1081 3239 fa-

72 3287 144 3358 ciei
161 3300 317 3383 quoque
334 3282 514 3357 resolutio
530 3308 552 3353 a
572 3282 733 3357 sinistris
753 3281 944 3354 videretur
958 3307 1082 3356 acces-

57 3401 173 3475 ·sisse.
194 3401 354 3490 Granio,
373 3398 479 3497 quod
497 3398 785 3497 aequocrassius
801 3397 1080 3496 judicavimus,

72 3533 245 3606 exsecto,
271 3519 393 3591 statim
414 3516 644 3589 translucere
663 3541 732 3614 per
757 3517 978 3589 crassiorem
1001 3542 1084 3590 me-

71 3637 229 3732 ningem
250 3632 417 3706 vidimus
439 3635 688 3732 sanguinem,
714 3633 784 3706 sub
807 3633 878 3705 hac
905 3631 1078 3709 effusum.

71 3755 127 3839 Is,
143 3766 185 3824 ut
201 3750 365 3824 secando
381 3775 470 3841 mox
486 3752 766 3850 perspeximus,
784 3752 1003 3831 universum
1020 3777 1081 3824 ce·

72 3867 178 3940 rebri
193 3867 500 3966 hemispherium
518 3867 713 3940 dexterum
731 3867 974 3967 contegebat,
993 3893 1081 3942 nam

72 3984 191 4058 etsub
202 3985 317 4084 hujus
329 3984 511 4078 basierat,
524 3984 668 4084 ubique
682 4000 880 4059 concretus
893 3986 932 4057 in
945 3980 1081 4085 perpe·
1103 4044 1104 4048 ,
