2774 4666
280 406 347 503 176
442 427 489 473 nn
515 425 661 472 snnrous
681 422 729 483 ,nr
754 394 878 470 causis
904 423 1112 470 uonnoanu

276 539 478 639 quemdam
500 537 786 636 perantiquum,
802 551 838 607 et
850 560 936 606 cum
949 541 1112 625 Aretaeo,
1133 563 1174 609 ac
1193 543 1275 611 Cas·

276 659 332 730 sio
358 655 643 726 nominandum.
674 658 746 724 Iste
774 654 874 723 enim
903 653 1025 742 Felix,
1053 652 1274 726 Hoffmanno

276 777 447 873 ignotus,
468 773 646 842 nimirum
669 786 724 842 est
742 769 806 841 hic
828 770 929 840 idem
951 773 1120 858 Cassius,
1140 776 1274 871 quippe

279 893 426 964 Cassius
449 890 548 962 Felix
571 886 795 986 quibusdam
823 887 965 976 dictus,
988 904 1030 960 ut
1054 915 1275 990 cognoscere

279 1009 423 1109 poteris
438 1008 499 1077 vel
519 1034 565 1078 ex
576 1005 762 1077 Lindenio
775 1008 970 1076 Renovato
988 1006 1053 1104 (1).
1075 1007 1133 1078 Ad
1152 1033 1277 1107 excep-

277 1128 402 1198 tiones
420 1140 544 1195 autem
565 1122 659 1193 illud
679 1136 840 1219 spectat,
864 1137 928 1193 aut
947 1139 1047 1195 certe
1066 1125 1113 1195 ad
1129 1125 1280 1196 illustra-

278 1245 421 1315 tionem
449 1241 629 1312 doctrinae
657 1240 756 1310 illius
785 1264 806 1311 a
835 1239 1006 1312 Valsalva
1038 1240 1280 1330 confirmata,

282 1360 387 1459 quod
410 1360 478 1430 etsi
500 1357 566 1428 ubi
586 1357 745 1428 alterum
760 1358 857 1429 latus
874 1360 1046 1457 corporis
1071 1377 1126 1432 est
1143 1361 1282 1433 resolu-

280 1494 382 1565 tum,
411 1476 544 1546 vitium
573 1476 605 1545 si
631 1475 850 1572 organicum
875 1477 939 1564 sit,
969 1491 1006 1547 et
1032 1477 1102 1549 sub
1135 1503 1280 1552 sensum

283 1597 415 1682 cadat,
434 1594 473 1663 in
492 1594 664 1692 opposita
682 1592 828 1664 cerebri
842 1609 951 1691 parte
966 1610 1044 1684 est3
1062 1621 1141 1667 non
1163 1613 1281 1672 tamen

281 1714 443 1785 vicissim
455 1712 713 1806 consequitur,
723 1710 1035 1810 quotiescumque
1045 1714 1228 1809 ejusmodi
1237 1716 1284 1787 vi-

283 1832 379 1901 tium
387 1830 427 1897 in
437 1826 583 1898 cerebri
597 1826 775 1896 alterutra
786 1842 892 1924 parte
901 1843 974 1918 est,
987 1832 1285 1928 oppositumcor-

285 1947 389 2045 poris
413 1945 510 2016 latus
532 1968 611 2015 esse
628 1944 859 2014 resolutum:
875 1945 1006 2017 eadem
1025 1949 1126 2018 enim
1144 1952 1283 2033 ratione

283 2062 366 2135 fieri
390 2076 538 2159 potest,
555 2077 597 2131 ut
615 2060 688 2131 hoc
708 2063 864 2133 minime
885 2077 976 2135 tunc
996 2083 1197 2163 sequatur,
1217 2091 1285 2169 qua

284 2180 477 2251 interdum
500 2176 560 2267 fit,
583 2193 625 2248 ut
649 2179 778 2248 vitiato
799 2180 979 2277 utrinque
1005 2182 1182 2273 cerebro,
1201 2211 1286 2256 neu·

286 2313 387 2369 trum
406 2310 531 2366 tamen
550 2295 643 2367 latus
669 2298 841 2394 corporis
861 2298 908 2369 sit
926 2283 1198 2396 paralyticum3
1216 2304 1285 2376 sive

289 2412 394 2513 quod
412 2438 455 2485 ea
473 2414 561 2484 vitia
580 2414 660 2484 sine
678 2414 876 2510 repentina
891 2415 1035 2487 cerebri
1049 2418 1285 2510 laceratione,

288 2547 354 2604 aut
371 2532 653 2629 compressione
671 2532 747 2601 sint
767 2527 882 2619 facta,
903 2533 978 2605 sive
1001 2536 1073 2605 alia
1094 2536 1142 2608 de
1163 2563 1285 2623 causa,

289 2674 403 2748 quam
415 2650 455 2719 in
468 2647 654 2744 ejusmodi
662 2647 944 2722 observationes
953 2652 1184 2747 incidentes,
1198 2683 1286 2758 qua·

287 2792 394 2856 rere,
414 2781 530 2863 atque
548 2790 737 2864 exponere
748 2766 981 2841 conabimur.
992 2772 1173 2844 Nunchis
1186 2799 1285 2849 suum

288 2886 329 2955 in
347 2886 476 2956 locum
491 2883 633 2971 dilatis,
654 2899 802 2955 caeteras
813 2911 895 2983 quae
909 2886 956 2957 ad
966 2889 1203 2987 apoplexiam
1216 2919 1287 2967 san·

291 3003 467 3101 guineam
484 3001 663 3088 attinent,
684 3025 955 3099 proponamus.
1083 3000 1086 3009 ’

343 3143 399 3189 20.
423 3119 491 3189 Vir
510 3119 694 3188 senectuti
711 3120 788 3214 jam
808 3123 985 3220 propior,
1010 3100 1055 3197 eri
1075 3129 1285 3227 apoplexia,

291 3261 373 3311 non
392 3236 573 3309 continuo
597 3237 659 3308 ille
684 3230 859 3334 quidem,
887 3239 1097 3338 sed‘plures
1115 3264 1201 3343 post
1218 3249 1286 3321 dies

291 3353 504 3426 interierat:
524 3354 591 3450 qui
607 3352 892 3452 hemiplecticus
905 3375 1023 3449 esset,
1044 3386 1092 3432 an
1110 3389 1208 3454 non,
1224 3391 1286 3465 pro

266 3530 269 3539 „
292 3486 396 3542 certo
417 3470 511 3544 scire
524 3495 602 3541 non
621 3474 751 3569 potui;
770 3474 912 3546 nedum
931 3503 1013 3576 quae
1033 3496 1120 3552 ante
1143 3483 1286 3580 apople-

292 3588 389 3657 xiam
403 3589 480 3686 pati
493 3591 749 3662 consuevisset
764 3620 771 3661 ε
790 3591 868 3664 haec
881 3611 1026 3667 tantum
1040 3602 1190 3699 accepi,
1210 3624 1284 3673 cum

287 3805 1284 3834 ...η-Μ

328 3944 373 4022 (1)
393 3949 438 4004 De
450 3948 578 4023 Scriptis
589 3922 700 4008 Medic.
711 3953 732 4009 l.
749 3971 774 4007 1.
789 3952 858 4011 Vid.
876 3953 990 4013 Cossus
1000 3958 1097 4014 Felic.
