2774 4666
190 472 258 522 cm.
286 477 310 521 1.
339 477 385 522 na
411 474 547 522 nonnis
571 473 728 537 camus,
753 472 864 520 ausc.
892 470 946 520 111.
1004 450 1066 519 181

80 588 314 661 increscentia
346 589 445 659 intra
478 612 565 658 eum
596 586 749 684 quidem
779 586 1073 683 magnitudiniS,

82 720 112 775 et
125 705 301 803 ponderis
318 704 475 776 modum
495 729 573 802 quo
593 703 640 777 ad
659 703 734 774 boc
752 718 901 800 tempus
920 704 1073 773 invene·

82 837 179 910 runt,
200 823 291 909 nisi,
310 823 485 919 inquam,
502 823 553 892 ita
577 819 696 908 facta,
716 835 753 892 et
773 821 893 918 posita
911 822 1007 909 sint,
1031 834 1075 890 ut
1171 870 1174 877 ·

84 940 268 1037 meninges
299 954 491 1038 pungant,
520 939 669 1009 nullum
688 934 764 1008 fere
786 937 892 1009 solita
910 961 988 1009 esse
1007 962 1077 1034 per

85 1079 115 1125 se
130 1057 276 1152 gravius
296 1057 460 1144 malum,
480 1055 544 1126 sed
566 1081 613 1126 ne
635 1055 777 1125 doloris
806 1054 962 1151 quidem
988 1055 1077 1127 assi-

85 1170 190 1249 duum
216 1188 368 1245 sensum
395 1171 602 1243 inducere:
623 1186 665 1242 ut
686 1170 893 1242 videndum
920 1185 1077 1267 propter
1151 1228 1157 1237 .

85 1282 152 1358 haec
170 1312 370 1377 censeam,
392 1314 439 1359 an
463 1286 703 1359 Volckameri
715 1342 724 1375 ,
738 1301 781 1375 ‚et
798 1284 960 1375 offredi,
980 1287 1081 1371 aliaeu,
1182 1324 1184 1327 v

87 1428 149 1499 que
173 1405 362 1501 ejusmodi
380 1405 662 1477 observationes
693 1402 922 1501 quibusdam
948 1426 1081 1501 repug·
1155 1427 1160 1443 ’

87 1537 166 1593 nent
181 1549 227 1594 ex
238 1522 371 1595 usibus
387 1519 473 1593 falci
488 1522 696 1620 adscriptis.

129 1667 180 1710 22.
199 1643 279 1712 Nec
295 1654 425 1711 tamen
441 1638 674 1735 negaverim,
701 1636 907 1733 ejusmodi,
927 1636 991 1708 aut
1010 1638 1082 1708 alia

88 1779 158 1828 ossa
170 1772 308 1854 praeter
324 1771 497 1827 naturam
511 1770 575 1826 aut
590 1756 735 1853 genita,
754 1754 942 1831 autetiam
957 1768 1078 1840 aucta,

89 1897 184 1971 posse
201 1873 395 1946 interdum
415 1871 558 1945 morbis
584 1873 714 1970 capitis
731 1873 909 1959 internis,
929 1887 966 1942 et
989 1895 1082 1969 apo·

90 1992 462 2088 plexianominatim,
484 1993 514 2071 si
530 1990 607 2062 aliae
624 1990 805 2091 accedant
824 2014 959 2076 causae,
975 2012 1082 2059 occa-

92 2110 219 2182 sionem
231 2109 412 2209 praebere.
421 2111 514 2180 Nam
525 2108 689 2206 primum
699 2109 739 2177 iu
752 2106 1081 2194 seneTridentino,

93 2227 157 2324 (ι),
179 2255 295 2327 quem
327 2228 401 2299 levi
425 2228 575 2307 nonita
593 2224 743 2323 pridem
768 2225 1005 2324 'apoplectico
1032 2227 1083 2294 in·

94 2345 181 2417 sultu
199 2346 398 2433 affectum,
419 2344 658 2442 gravissimus
670 2342 785 2431 alter,
803 2366 888 2412 cum
907 2340 1003 2411 hora
1022 2343 1085 2411 vix

93 2479 345 2564 unaasumpto
363 2462 567 2534 cathartico
577 2460 853 2531 medicamento
862 2459 987 2529 alvum
1001 2483 1087 2529 exo·

95 2598 249 2671 necaret,
267 2596 411 2680 puncto
430 2580 614 2678 temporis
623 2575 858 2665 confecerat,
878 2598 956 2651 non
971 2576 1087 2647 modo

98 2697 329 2797 ligamentum
353 2701 452 2770 inter
468 2720 679 2779 os,sacrum
701 2709 738 2764 et
763 2693 948 2779 ischium,
975 2707 1017 2762 nt
1048 2695 1087 2762 i'n

84 2816 314 2923 ⁴lldversariis
339 2819 521 2915 scriptum
547 2811 749 2909 est111(2)
771 2835 921 2883 osseum
947 2807 1088 2881 factum

100 2932 339 3032 deprehendi,
358 2933 423 3006 sed
442 2948 479 3003 et
497 2932 701 3004 ossiculum
716 2930 815 3000 intra
830 2929 950 3026 ipsam
967 2928 1093 3001 cordis

102 3050 333 3131 substantiam
353 3075 398 3122 eo
410 3050 494 3121 loco
508 3048 585 3120 vidi
596 3073 710 3145 quem
725 3036 1006 3118 alteramitralis
1019 3045 1092 3115 val-

99 3169 174 3240 vula
186 3170 351 3268 obtegit,
369 3167 517 3239 modica
529 3165 624 3237 illud
645 3163 911 3250 crassitudine,
931 3163 996 3234 sed
1012 3164 1093 3233 lon·
1198 3146 1202 3151 ⁶

104 3309 180 3381 gum
200 3282 315 3377 adeo,
337 3302 379 3359 ut
401 3301 657 3363 transversum
681 3281 858 3379 pollicem
878 3296 1092 3378 superaret:

103 3408 231 3475 arteriae
241 3421 365 3477 autem
380 3427 523 3499 magnae
536 3403 723 3473 internam
737 3396 869 3467 faciem
881 3396 1023 3468 crebris
1033 3396 1097 3466 hic

104 3516 168 3590 illic
185 3525 298 3595 osseis
322 3520 522 3592 bracteolis
551 3532 743 3615 opertam,
773 3529 815 3584 ut
842 3517 872 3585 si
891 3504 1097 3611 capitis'ri-

32 3714 36 3728 .
107 3640 189 3705 mari
206 3639 331 3711 obdita
345 3638 531 3722 licuisset,
549 3659 663 3732 quam
687 3632 918 3703 simillimum
935 3631 1013 3698 veri
1031 3630 1100 3715 sit,

142 3918 182 3996 (ι)
202 3924 245 3978 De
258 3941 318 3997 quo
330 3922 415 3997 Epist
429 3922 482 3991 tt,
500 3940 531 3974 n.
546 3918 605 3975 28..

144 4018 183 4094 (a)
203 4023 339 4081 Animad.
357 4022 403 4086 45.
