2862 4668
476 466 793 517 unusnr1o
1080 441 1137 517 65

115 591 273 658 quemque
287 580 468 640 immutanti
484 580 608 658 praefixo
629 600 755 641 numeru
769 579 1017 657 perscripserim,
1031 582 1139 641 muti·

117 700 183 739 nuo
191 683 331 758 singula,
344 680 417 740 dum
428 679 526 741 adhue
536 683 639 740 urimo
650 682 809 756 praesentio
820 692 924 752 eraut,
939 681 972 738 iu
989 681 1140 745 uisuntur*

119 782 219 860 diuum
234 780 411 839 referebam.
426 776 532 857 ltaque
549 782 582 837 in
596 784 688 855 longo
701 799 808 854 opere,
829 800 923 855 enque
937 781 1084 857 digniori,
1105 793 1141 841 ut

120 880 228 955 siquae
242 899 328 937 secus
344 899 381 938 rc
390 881 516 951 ¹vellem,
535 878 734 954 irrepserint(
748 881 837 953 pluro
850 881 1140 969 autemtirrepsisse,

121 998 272 1057 perquem
290 981 433 1038 nuditus
447 988 489 1038 nst
503 979 653 1056 )beuiguc
669 990 841 1050 excusetur,
859 996 914 1055 per
931 980 1044 1041 iudices
1058 981 1141 1055 ipsos

122 1081 316 1151 admonitus,
328 1099 366 1137 ue
379 1078 455 1155 quid
467 1091 645 1154 repeterem,
666 1079 754 1136 focile
773 1079 931 1151 cavebam,
950 1092 979 1136 et
995 1080 1139 1141 absoluto

124 1200 233 1257 opere,
258 1200 297 1236 ne
319 1180 545 1239 molestissimus
569 1179 720 1236 accederet
739 1180 826 1236 luhor
846 1180 913 1236 illos
939 1180 1139 1253 conficiendi,

123 1279 230 1336 eadem
242 1298 335 1352 opera
349 1268 538 1354 prospectum
556 1281 671 1351 fuerat,
686 1281 834 1355 simulque
847 1292 880 1335 ut
895 1281 919 1337 si
932 1282 1053 1354 quando
1062 1282 1139 1338 forte

124 1380 183 1436 ulia
196 1399 390 1455 quacumque
404 1379 683 1451 formareeudatur,
698 1401 735 1437 ne
748 1362 866 1438 fallaces
880 1381 1141 1454 iudiceseuudaul,

124 1464 273 1537 sedidem
291 1497 421 1553 semper,
436 1488 469 1535 ut
482 1498 517 1535 ex
531 1482 623 1536 altera
639 1500 772 1549 mearum
785 1482 978 1556 epistolarum
994 1482 1141 1537 anatomi-

123 1595 229 1634 carum
256 1577 388 1634 editione
409 1592 548 1652 apparet,
569 1578 735 1654 siguificare
754 1590 889 1654 pergant.
910 1580 1011 1636 Unum
1029 1591 1072 1636 est
1086 1579 1137 1649 iu->

125 1678 320 1735 commodum
332 1679 415 1752 quod
426 1680 518 1753 possit
531 1679 681 1747 accidere,
698 1691 727 1735 et
740 1679 813 1734 mihi
828 1698 1044 1754 nonuunquam
1057 1681 1137 1735 ucci-

127 1779 186 1849 dit,
203 1797 291 1853 aequo
309 1778 407 1850 major
421 1779 576 1853 prolixitas
596 1777 810 1835 nonnullorum
830 1779 1035 1839 articulorum.
1061 1782 1137 1836 Cum

127 1879 205 1934 enim
220 1879 294 1947 alia,
310 1889 339 1934 et
355 1897 423 1934 mox
438 1879 495 1934 alia
511 1880 618 1936 addere
633 1878 675 1934 ibi
687 1881 792 1935 vellem
802 1923 810 1947 ,
822 1898 877 1935 uec
891 1879 996 1935 seriem
1010 1876 1136 1953 'mplius

127 1978 304 2053 perturbare
312 1996 506 2034 numerorum
512 1977 702 2049 liceret,mihi
717 1991 815 2034 autem
830 1998 942 2053 exque,
951 1964 1135 2036 Adversariis

129 2077 339 2153 primiseditis,
351 2059 422 2133 hiric
434 2089 625 2152 perpetuam,
642 2068 844 2153 optimamque
857 2077 1005 2154 majorum
1014 2097 1137 2135 cousue-

131 2178 283 2274 tudintpn,
297 2177 366 2232 iude
382 2196 455 2235 vero
469 2178 682 2248 animadverti,
702 2188 846 2252 quantum
863 2190 893 2233 et
911 2180 1088 2250 lectoribus,
1107 2187 1137 2236 et

130 2278 303 2334 auctoribus
323 2276 435 2350 pariter
446 2275 558 2333 officiat
573 2297 590 2333 a
604 2276 672 2348 filo,
684 2289 712 2334 et
724 2277 756 2333 vi
766 2277 937 2351 scriptionis
949 2295 1004 2354 per
1016 2276 1137 2351 subjec-

129 2387 173 2433 tas
194 2388 283 2431 notas
299 2377 454 2445 avocati03
473 2395 538 2435 mos
555 2395 635 2433 nunc
647 2378 868 2452 propemodum
883 2378 1048 2433 communis
1065 2377 1136 2433 satis

129 2479 247 2551 placere
270 2495 333 2531 non
349 2467 504 2548 'potuerim
531 2477 623 2531 malui
641 2479 772 2553 legentes
795 2477 896 2551 aliquo
919 2495 1136 2552 nonnunquam

131 2574 355 2652 prolixitudinis
367 2575 455 2632 taedio
464 2573 588 2633 officere
595 2618 604 2646 ,
617 2594 706 2649 quam
720 2576 825 2651 saepius
837 2577 988 2632 alectione
1000 2594 1134 2633 avocare.

131 2675 302 2749 Utcumque
314 2674 347 2730 id
357 2685 401 2730 est
413 2673 530 2750 (neque
544 2674 622 2733 enim
636 2694 704 2732 eum
719 2694 832 2735 morem
843 2695 966 2751 prorsus
981 2675 1138 2751 improbo,

132 2784 276 2852 etmagno
288 2774 483 2850 scriptoribus
493 2775 650 2832 commodo
663 2786 741 2846 esse,
757 2775 852 2831 fateor
857 2816 865 2845 ,
875 2773 1020 2850 expertis,
1030 2785 1065 2855 ut
1070 2793 1137 2850 ego,

135 2874 209 2933 sieut
228 2875 300 2930 alias
321 2873 366 2950 (1)
386 2893 453 2930 cum
465 2875 562 2932 Plinio
578 2876 694 2931 minore
708 2874 788 2944 dixi,
805 2893 894 2950 quam
908 2873 1084 2929 laboriosum
1099 2873 1137 2930 sit

133 2988 207 3030 nova
218 2976 303 3030 velut
314 2974 570 3055 membraperacto
582 2976 699 3049 eoqron'
706 2976 849 3045 intexere,
862 2993 916 3030 nec
927 2986 1024 3029 tarnen
1030 2974 1138 3048 pn‘ora

132 3073 270 3150 turbare)
284 3074 317 3129 in
326 3073 549 3132 observationes
561 3088 642 3132 certe
655 3074 760 3132 cadere
772 3094 834 3131 nou
842 3084 956 3148 potest,
971 3083 1086 3130 ut'cum
1094 3092 1140 3129 se-

131 3179 185 3230 mel
210 3174 311 3231 omnia
327 3192 396 3249 „quae
415 3174 446 3229 in
466 3194 560 3252 aegro,
580 3187 609 3231 et
626 3173 769 3232 cadavere
793 3174 977 3250 deprehensa
998 3174 1137 3244 fuerant,

131 3274 291 3352 diligenter
307 3273 515 3348 posuerimus,
534 3275 591 3329 alia
608 3274 745 3331 accidant
766 3286 831 3350 qute
853 3273 895 3329 ita
917 3273 1019 3330 multis
1036 3273 1137 3329 verbis
1221 3283 1224 3288 '

133 3376 193 3431 sint
210 3374 388 3448 adjicienda.
403 3375 451 3431 Ad
463 3368 685 3430 observationes
697 3386 794 3430 autem
806 3373 993 3430 solummodo
1005 3382 1141 3447 spectant
1185 3443 1188 3448 ⁷

134 3474 195 3532 duo
213 3474 259 3530 illi
274 3472 406 3544 iudices,
430 3485 482 3529 aut
505 3475 544 3530 ud
565 3492 632 3530 eum
646 3475 699 3549 qui
716 3474 813 3530 dictus
836 3484 880 3529 est
900 3473 1023 3528 modum
1042 3469 1139 3527 confi-

136 3575 248 3645 ciendi,
265 3573 368 3630 autad
381 3572 554 3644 meliorem,
570 3582 659 3648 quem
675 3573 733 3628 viri
750 3573 912 3630 doctissimi
928 3570 1138 3627 indicaverint.

136 3675 221 3746 Quod
238 3674 321 3751 ipsos
335 3683 370 3728 ut
387 3672 482 3728 velint
499 3671 595 3728 facere
612 3689 669 3748 pro
689 3672 763 3730 boni
785 3671 899 3747 publici
915 3669 1031 3741 studio,
1051 3672 1139 3726 etiam

161 4006 198 4077 (1)
214 4003 325 4062 Praefut.
338 4000 373 4057 od
387 4003 475 4075 Epist.
488 4005 565 4058 Aust.
579 4021 608 4056 u.
621 3996 650 4056 'tt
674 3966 676 3970 Ι
715 4048 717 4052 ,
