2774 4670
295 392 364 465 528
459 416 506 461 na
532 413 678 461 snnmus
703 416 746 460 nr
772 414 896 461 crusis
920 415 1129 464 uonroauu

293 529 333 600 id
346 527 450 627 quod
466 527 660 622 conjuncti
673 527 837 597 vomitus
846 526 1116 615 ostendebant,
1130 532 1298 601 interne,

294 652 567 718 Humorautem
578 640 1298 742 quiperbosejiciebatur,noneratejus

295 764 422 851 modi,
439 778 481 834 ut
494 761 758 833 convulsiones
769 761 951 835 inducere
966 780 1076 860 posse
1092 762 1298 852 videretur,

292 866 591 971 'velutisfuscun
609 893 672 950 aut
686 884 909 977 porn'sncco
920 881 1069 965 similis,
1086 905 1298 977 quemcon-

297 996 512 1070 vulsionum
521 993 632 1069 fuisse
642 1020 810 1083 causam,
825 996 914 1068 inde
924 998 1088 1070 Galenus
1099 998 1157 1095 (ι)
1167 999 1300 1070 intelle·

299 1117 365 1204 xit,
374 1115 489 1212 quod,
499 1116 583 1212 ipso
593 1114 751 1208 rejecto,
761 1113 830 1183 illae
841 1116 1299 1213 protinusconquievere:

301 1232 513 1331 cujusmodi
530 1255 617 1303 sane
635 1237 870 1327 aeruginom,
890 1247 927 1301 et
939 1249 1025 1304 otro
1043 1234 1212 1305 humore
1223 1233 1301 1330 ple·

299 1373 389 1421 num
400 1365 515 1419 totum
524 1332 889 1439 ventriculcficndum
897 1348 960 1420 hic
967 1367 1174 1448 repertum·
1181 1349 1301 1438 fuisse,

300 1466 429 1541 scribit
446 1465 678 1539 Mercurialis
686 1464 762 1561 (a),
787 1467 829 1535 in
842 1471 1083 1564 Bergamensi
1110 1469 1300 1554 studioso,

302 1611 416 1683 quem
450 1581 725 1657 immanissime
750 1584 1014 1668 convulsiones
1047 1588 1150 1657 intra
1177 1587 1303 1684 viginti
1380 1572 1381 1615 ³

303 1718 467 1800 quatuor
475 1702 596 1781 ,horas
619 1699 858 1774 sustulerant.
888 1706 934 1772 Iu
958 1706 1158 1801 proposito
1184 1719 1303 1773 autem

302 1821 385 1895 vim
403 1818 582 1891 credibile
600 1833 655 1893 est
667 1873 677 1906 ,
691 1819 868 1890 excitatas
877 1843 956 1891 esse
965 1820 1013 1891 ab
1028 1846 1128 1918 aqua
1144 1837 1229 1891 tum
1243 1823 1305 1917 spi-

303 1937 398 2010 nalis
422 1936 616 2021 medullae,
644 1951 724 2007 tum
751 1935 896 2008 cerebri
918 1941 1114 2035 meninges
1139 1941 1304 2011 irritante

304 2070 398 2127 tuno
415 2054 569 2125 demum
586 2078 673 2124 cum
691 2055 846 2145 retineri
860 2056 1026 2152 coepitiin
1043 2057 1306 2153 sanguineuri·

305 2198 363 2265 nae
379 2174 524 2269 portio,
545 2171 647 2242 unde
664 2196 762 2268 aqua
779 2172 872 2243 salsa
887 2171 1004 2243 fieret.
1021 2174 1141 2262 Quod
1159 2178 1192 2245 si
1208 2175 1306 2244 nervi

305 2315 439 2363 omnes
455 2289 522 2386 qui
538 2288 730 2359 musculos
746 2304 901 2361 artuum
914 2287 1138 2361 inferiorum
1155 2291 1306 2377 adeunt,

301 2411 381 2505 jam
400 2408 551 2505 penitus
566 2406 722 2479 resoluti
739 2428 819 2477 non
842 2403 1021 2501 fuissent3
1038 2405 1224 2477 credibile
1241 2421 1308 2495 est,

306 2527 442 2603 sinon
458 2548 563 2620 aeque
587 2545 630 2593 ac
654 2535 757 2593 artus
774 2524 1006 2619 superiores,
1033 2524 1196 2620 ipseque
1221 2524 1307 2595 adeo

197 2699 199 2702 Α
306 2658 486 2728 truncus,
510 2654 548 2715 at
573 2638 819 2711 convulsione
844 2654 949 2711 certe
970 2640 1100 2736 aliqua
1124 2634 1309 2737 prehendi

307 2757 505 2832 inferiores
539 2780 694 2853 quoque
734 2758 909 2854 potuisse.
945 2756 1068 2828 Habes
1104 2759 1146 2829 in
1183 2759 1309 2857 Sepul-

308 2877 440 2953 'chreto
451 2874 506 2971 (3)
523 2874 725 2949 indicatam
738 2872 933 2945 historiam
949 2873 1138 2944 celebrem
1154 2896 1204 2945 ex
1218 2877 1309 2948 libro

308 2996 435 3094 primo
452 2991 757 3091 Epidemiorum,
773 2991 898 3088 inqua
915 2990 1065 3061 mulieri
1083 3017 1170 3088 quae
1190 3001 1309 3063 statim

310 3118 501 3208 inceperat
518 3123 555 3179 et
577 3108 657 3204 ipsa
670 3106 798 3179 dolere
814 3107 967 3195 elumbes,
993 3123 1147 3180 extenso
1172 3111 1223 3181 ad
1241 3111 1310 3182 col-

310 3231 392 3302 lum
423 3241 460 3298 et
490 3240 604 3323 caput
637 3223 788 3313 dolore,
818 3225 955 3296 dextra
981 3250 1116 3297 manus
1144 3227 1307 3324 languit,

312 3372 394 3420 cnm
412 3342 669 3430 convulsione,
699 3342 932 3440 apoplectaeco
951 3342 1075 3413 modo.
1097 3348 1310 3443 Agnoscunt

257 3540 261 3546 ,
312 3477 549 3537 enarratores
570 3474 612 3531 et·
628 3460 848 3557 paralysim,
862 3474 900 3530 et
917 3461 1206 3533 convulsionem
1223 3464 1307 3557 ejus

347 3760 392 3838 (ι)
413 3762 458 3816 De
474 3759 531 3814 loc.
550 3756 601 3812 aff.
616 3758 637 3811 l.
653 3754 686 3825 5,
702 3775 726 3811 e.
742 3755 770 3810 6.
1016 3816 1019 3817 ⁷

347 3860 396 3939 (αἶ
412 3861 542 3917 Praeleet.
556 3857 595 3924 ad
605 3855 750 3930 Hippoer.
764 3855 883 3929 Aphor.
900 3874 932 3926 1,
949 3856 1007 3912 lib.v
1016 3854 1049 3912 5.

346 3960 391 4039 (3)
412 3962 490 4019 Seet-
503 3954 558 4015 hae
576 3956 785 4029 13,inSch01.
800 3956 838 4012 ad
849 3955 915 4012 obs.
930 3955 962 4013 8.
