2780 4666
320 446 392 534 346
477 470 523 516 nr
549 469 693 519 suniam
717 470 761 521 nr
786 469 909 521 causrs
933 471 1143 525 uonaonnu

320 599 357 656 et
374 582 571 671 celeriore,
590 583 846 658 verumetiam
862 582 1069 681 turgidiore
1085 638 1096 674 ,
1112 588 1315 681 quamque

318 700 414 773 artati
428 698 617 773 videretur
638 701 849 774 convenire.
868 700 1039 789 Adher,
1059 699 1223 775 delirare
1245 728 1312 777 coe·

317 817 394 914 pit,
413 840 506 913 saepe
516 816 627 902 item,
645 818 750 912 quasi
763 841 807 889 ex
822 816 1089 907 convulsione,
1105 818 1258 893 maxilla
1266 819 1315 891 in·

317 929 475 1018 feriore,
498 947 534 1004 et
556 931 712 1005 artubus
735 947 907 1007 tremere.
935 937 1041 1005 Tnnc
1066 935 1315 1032 interrogatus

317 1074 411 1147 quas
427 1051 464 1122 in
492 1051 611 1147 capite
640 1051 829 1129 molestias
845 1054 1074 1149 perciperet,
1091 1052 1247 1149 pondus
1265 1053 1314 1127 di·

316 1181 413 1239 serta
431 1162 541 1253 dixit,
568 1181 698 1239 crotera
717 1170 877 1266 negavit.
905 1174 1022 1243 Porro
1047 1194 1136 1241 cum
1157 1168 1313 1245 delirare

313 1299 506 1381 pergeret,
523 1307 564 1355 ac
573 1300 733 1357 tremere
748 1286 816 1372 ita,
830 1286 886 1359 uti
898 1286 1042 1359 dictum
1054 1302 1111 1359 est
1124 1341 1134 1373 ,
1153 1286 1204 1359 ad
1215 1286 1313 1383 quiu-

314 1400 455 1487 decim,
475 1416 538 1475 aut
564 1401 751 1474 sexdecim
778 1401 878 1490 dies;
903 1403 1056 1477 tandem
1079 1404 1236 1498 pulsus,
1254 1404 1312 1500 qui

312 1541 590 1614 nonuunquam
600 1516 754 1592 humilis
763 1519 1043 1594 animadversus
1056 1517 1191 1610 fuerat,
1202 1520 1313 1595 hnmi-

312 1633 384 1707 lior
396 1644 449 1704 est
457 1631 592 1707 factus:
605 1635 769 1730 indeque
782 1637 881 1709 intra
891 1635 1051 1709 biduum
1063 1689 1073 1722 ,
1085 1651 1247 1717 stertere
1259 1661 1312 1712 su·

312 1751 576 1846 perveniente,
597 1751 708 1823 simul
730 1750 938 1838 delirandi,
961 1768 999 1824 et
1021 1753 1176 1827 uiuendi
1201 1751 1310 1829 finem

310 1863 407 1937 fecit.
994 1928 998 1929 γ

358 1986 521 2071 Ventre,
551 2010 594 2056 ac
621 1983 775 2055 thorace
803 1984 1107 2081 quartadecima
1132 1985 1181 2057 ab
1209 1986 1311 2059 obitu

310 2101 404 2173 hora
433 2102 592 2198 apertis,
620 2102 762 2172 viscera
793 2116 879 2172 sunt
908 2102 1165 2181 animadversa
1204 2105 1309 2177 etiam

310 2233 391 2289 tum
411 2219 586 2305 calentia,
616 2219 788 2316 quamvis
811 2232 893 2293 toto
909 2217 974 2288 illo
992 2216 1177 2315 temporis
1195 2221 1310 2316 spatio

244 2428 246 2434 k
308 2314 465 2414 dadauer
483 2335 553 2406 sub
569 2336 634 2406 dio
647 2336 724 2406 aeri
741 2331 880 2430 frigido
896 2388 905 2422 ,
921 2335 1060 2431 quippe
1073 2334 1145 2405 suh
1161 2336 1309 2409 initium

307 2454 397 2524 anni
428 2453 519 2550 1706
534 2452 745 2550 expositum
763 2448 901 2540 fuisset.
920 2452 1100 2522 Intestina
1122 2478 1201 2548 qna
1217 2454 1310 2525 inter

308 2596 345 2642 se
363 2568 652 2673 contingebant,
666 2583 703 2640 ct
717 2565 896 2639 inferiore
913 2592 1069 2665 quoque
1088 2565 1183 2640 facio
1199 2570 1310 2641 rube-

305 2687 400 2759 bant
411 2687 608 2774 nonnihil;
627 2684 768 2761 limbus
780 2701 905 2756 autem
915 2684 1062 2782 hepatis
1074 2685 1234 2758 livehat:
1252 2686 1310 2758 lie·

307 2807 366 2876 nis
383 2806 547 2900 denique
564 2803 726 2873 multum
738 2801 885 2873 ssaccidi
897 2801 1115 2881 membrana
1130 2828 1209 2899 qua
1228 2829 1310 2875 con·

305 2946 435 2994 reram
460 2919 592 3011 faciem
608 2919 810 3009 vestiebat,
838 2920 945 2997 valde
963 2943 1084 2992 crassa
1100 2918 1198 2992 facta
1218 2936 1310 3008 erat,

306 3053 343 3110 et
359 3043 466 3136 quasi
483 3038 728 3135 cartilaginea.
754 3042 838 3108 Haeo
863 3039 903 3108 in
920 3053 1062 3109 ventre.
1085 3041 1131 3107 In
1155 3037 1308 3109 thorace

306 3169 430 3225 autem,
447 3155 576 3226 dexter
594 3154 726 3251 pulmo
743 3151 920 3226 inferiore
942 3154 1062 3226 latere
1074 3177 1163 3225 cum
1180 3155 1307 3251 plenra

307 3270 535 3359 cohaerebat,
551 3275 591 3367 in
606 3292 754 3343 summo
773 3296 926 3369 parvam
940 3270 1143 3368 quamdam
1163 3274 1307 3370 portio·

306 3412 393 3458 nem
407 3387 539 3459 duram
550 3388 732 3476 hahebat,
748 3390 787 3458 in
801 3412 876 3486 qua
887 3388 1063 3475 dissecta,
1079 3413 1168 3461 vasa
1179 3391 1307 3460 omnia

306 3505 496 3602 pulmonis
513 3504 725 3592 obstructa,
748 3521 785 3577 et
805 3505 1158 3591 siccavidebantur3
1176 3520 1221 3577 ut
1234 3505 1308 3576 vitii

306 3621 452 3716 antiqui
489 3622 686 3719 vestigium
721 3622 956 3699 crediderint
990 3624 1186 3699 Pulmonis
1221 3645 1308 3699 reru

306 3737 504 3833 utriusque
524 3735 743 3827 inferiores,
768 3754 805 3811 et
831 3741 1036 3838 praesertim
1062 3742 1306 3838 posteriores,

306 3869 430 3951 partes
448 3879 526 3924 non
541 3846 656 3927 modo
674 3858 789 3953 nigrae
806 3873 934 3945 erant,
953 3872 996 3929 ut
1014 3856 1158 3947 solent,
1178 3878 1304 3931 verum

310 3973 418 4042 etiam
445 3971 628 4044 suhdurae.
647 3975 899 4047 Pericardiurn
925 3977 985 4046 vix
1009 3974 1153 4072 aliquid
1180 3997 1299 4070 aquae:
