2782 4668
162 440 235 487 mr.
263 441 294 505 1,
316 440 363 486 nu
390 437 525 487 ruoams
550 437 706 501 car1r1s,
732 439 843 486 rarsr.
871 440 950 488 vui.
1002 422 1073 516 429

62 571 153 628 sunt
172 579 259 652 quae
280 553 437 624 memini
455 552 580 650 legere
595 554 636 622 in
655 575 697 621 ea
713 553 924 625 Ramazziui
945 554 1075 626 obser·

63 673 218 743 vatione
233 699 241 739 ε
258 696 303 742 ex
317 694 414 767 qua,
431 668 588 765 aliisque
605 668 686 766 ipse
700 693 855 766 quoque
867 670 1076 769 colligebat,
1182 742 1188 751 ,

64 815 191 886 neque
216 802 366 859 acutam
390 784 559 875 febrem,
580 811 705 884 neque
731 786 904 859 delirium
927 813 1076 887 semper

64 904 379 1003 hydrophobiam
394 905 587 975 comitari:
604 919 873 1002 cogereautem
885 930 930 976 co
939 906 1075 979 morbo

65 1018 224 1093 affectos
239 1035 283 1091 ut
299 1020 453 1107 bibant,
471 1033 536 1091 aut
547 1020 587 1089 in
599 1044 734 1119 aquam
744 1019 962 1120 demergere
976 1077 986 1111 ,
1001 1026 1076 1095 exi-

69 1140 163 1227 tium
180 1140 273 1236 ipsis
292 1137 501 1229 accelerare
522 1164 530 1206 :
552 1162 677 1235 neque
697 1139 799 1208 enim
816 1156 951 1237 praeter
967 1142 1077 1212 ratio-

68 1281 154 1327 nem
177 1280 319 1353 aquam
341 1255 519 1343 horrere,
551 1257 694 1353 quippe
721 1281 793 1353 qua
818 1282 897 1328 non
918 1260 1074 1345 mentiS,

70 1371 131 1442 sed
149 1371 414 1470 deglutitionis
430 1372 521 1441 vitio
540 1373 724 1470 correpti,
741 1370 847 1445 facile
861 1371 1078 1446 suffocatio-

68 1493 123 1562 nis
144 1490 367 1588 periculum*
380 1480 593 1563 vereantur.
620 1494 698 1588 Ego
719 1515 810 1562 vero
829 1489 927 1562 hanc
950 1491 1077 1566 obser·

72 1610 260 1681 rationem
278 1608 391 1680 retuli
406 1632 484 1678 nou
500 1607 547 1678 ad
560 1605 599 1676 id
614 1607 730 1679 modo
746 1608 1077 1706 quodproposue-

69 1749 163 1814 ram,
186 1740 332 1797 metum
360 1724 538 1800 videlicet
559 1726 689 1822 agitati
710 1727 806 1798 aeris
827 1726 961 1797 crebro
989 1751 1078 1798 cum

69 1841 338 1942 hydrophobia
357 1843 548 1940 copulari,
566 1843 631 1914 sed
648 1842 694 1913 ad
718 1843 789 1913 alia
809 1868 963 1941 quoque
984 1869 1076 1916 cou-

70 1957 261 2033 firmanda.
282 1960 429 2032 Scilicet
454 1957 564 2030 faciet
582 1960 662 2030 haec
686 1959 907 2043 observatio,
920 1986 1008 2032 cum
1033 1987 1076 2033 ea

72 2080 271 2174 conjuncta
300 2102 381 2174 quaa
399 2102 445 2147 ex
467 2081 620 2148 Foresto
643 2101 732 2147 mox
757 2077 1008 2174 producetur,
1034 2093 1071 2150 et

72 2195 124 2265 vel
139 2197 258 2294 magis
268 2217 355 2264 cum
373 2217 415 2262 ea
433 2174 514 2286 quae
525 2191 698 2287 delBaldo
715 2198 745 2263 J.
761 2198 800 2264 C.
817 2196 956 2291 legitur
968 2196 1070 2293 apud

72 2312 308 2401 Matthiolum
320 2308 389 2407 (1),
401 2306 528 2397 faciet,
545 2309 726 2406 inquam,
742 2325 785 2381 ut
794 2311 832 2382 id
846 2313 1071 2409 comproba·

71 2441 147 2499 tum
163 2429 304 2501 habeas
321 2426 425 2526 quod
444 2450 557 2524 supra
573 2425 627 2523 (2)
639 2428 681 2496 in
693 2451 811 2524 puero
834 2453 855 2499 a
875 2454 934 2502 me
949 2432 1072 2502 visum

72 2546 267 2635 essedixi,
282 2536 459 2646 ‘quamvis
480 2570 501 2614 a
526 2542 793 2615 rabiosocane
818 2545 871 2621 ibi
897 2546 1071 2621 admorsa

73 2657 178 2735 luerit
189 2662 313 2751 facies,
328 2662 395 2734 ubi
404 2685 596 2733 venenum
606 2657 713 2732 facile
723 2676 848 2757 potest
862 2686 948 2733 cum
959 2666 1071 2737 saliva

74 2782 361 2868 communicari,
382 2804 461 2850 non
480 2777 676 2849 celerrime
696 2793 843 2866 tamen,
866 2794 910 2850 ut
931 2782 970 2849 in
986 2782 1070 2854 aliis

75 2893 117 2965 ab
131 2897 348 2969 earumdem
363 2897 528 2994 partium
548 2918 699 2982 morsu,
726 2894 791 2966 s'ed
808 2912 894 2993 post
910 2897 1070 2995 quadra·
1159 2960 1164 2961 ff

76 3012 169 3111 ginta
182 3015 263 3089 dies
281 3028 403 3085 ortam
422 3010 836 3109 essehydrophobiam.
849 3014 972 3085 Faciet
981 3039 1072 3112 prae·

77 3141 191 3220 terea,
207 3158 257 3204 ne
274 3131 430 3202 illorum
443 3148 600 3228 prorsus
617 3128 884 3202 obliviscamur
896 3155 978 3240 quae
992 3132 1071 3204 Pal-

78 3250 207 3329 marius
224 3247 280 3347 (3)
290 3248 436 3320 addidit
452 3262 655 3344 postquam
672 3246 889 3335 admonuit,
907 3249 975 3319 etsi
991 3249 1070 3323 bal·

78 3383 184 3435 neum
202 3365 464 3464 praecautionis
484 3365 600 3462 gratia
628 3363 818 3462 plerisque
838 3362 983 3462 profuit
1008 3366 1071 3439 de·

79 3483 223 3573 morsis,
241 3504 321 3554 non
337 3481 428 3553 huic
444 3497 572 3554 tamen
590 3483 759 3554 remedio
777 3482 935 3553 omnino
953 3480 1071 3556 fideu-

80 3650 1071 3679 m

115 3757 155 3838 (1)
175 3765 288 3823 Comm.
300 3765 334 3823 in
347 3765 483 3823 Dioscor.
501 3765 522 3821 l.
537 3763 555 3820 6
564 3805 573 3836 ,
592 3784 619 3822 c.
632 3765 681 3823 36.

106 3854 156 3935 (²)
174 3865 211 3921 N.
228 3884 275 3922 22.

117 3953 158 4033 (3)
175 3962 208 4019 L.
223 3966 260 4024 de
272 3968 358 4023 Mors
374 3981 440 4022 can.
453 3962 519 4024 rab.
536 3983 563 4020 c.
581 3963 609 4021 3.
726 4009 730 4019 ,
