2862 4668
333 427 380 514 46
677 448 993 499 rnmrsrro.

336 579 388 623 aut
402 566 524 623 morbus
535 584 592 641 pro
604 565 710 621 morbo
718 564 777 621 alio
789 563 994 635 describatur,
1010 575 1062 622 aut
1074 567 1278 643 typographus
1294 585 1340 624 os·

335 667 474 736 citanter,
490 666 677 742 graviterque
685 666 870 739 peccaverit,
884 676 1029 740 quantum
1041 667 1277 726 animadvertere
1289 686 1340 742 pe-

335 768 400 838 tui,
416 779 519 823 notare
533 786 594 822 non
612 765 713 835 omisi3
735 775 769 821 ut
786 784 849 821 non
868 768 962 821 levem
980 785 1068 841 opem
1085 769 1133 822 vel
1150 768 1183 823 in
1198 768 1342 860 minutis,

337 868 452 924 sednon
469 868 543 923 levis
559 886 635 941 saepe
647 867 807 933 momenti,
823 866 921 935 rebus,
935 866 971 921 iis
984 867 1037 941 qui
1049 886 1152 924 rursm
1162 863 1342 942 sepulchre-

327 979 396 1023 ·tum
414 968 473 1023 sint
488 967 612 1031 edituri,
627 967 700 1021 mihi
720 966 823 1022 videar
837 964 978 1021 attulisse.
993 965 1116 1022 Utinam
1131 985 1235 1042 parem
1249 984 1340 1043 opem

334 1070 441 1125 afferre
461 1066 591 1123 licuisset
608 1067 669 1123 sive
688 1085 755 1123 cum
769 1067 893 1123 lectores
909 1066 968 1123 alio
987 1066 1180 1140 rejiciuntur,
1201 1068 1256 1124 ubi
1273 1070 1340 1143 ple·

333 1167 400 1225 nius
420 1169 597 1242 descriptam
614 1169 711 1236 hanc,
735 1177 785 1222 aut
806 1166 887 1222 illam
907 1167 1147 1224 observationem
1164 1167 1340 1242 reperiant,

332 1287 387 1325 nec
404 1267 556 1344 signanter
567 1269 717 1324 indicatur
727 1267 944 1325 observationis
957 1267 1092 1339 ejusdem
1103 1286 1259 1339 numerus,
1276 1269 1340 1325 sire

332 1387 400 1426 eum
413 1369 583 1424 obruuntur
594 1367 772 1445 longissimis
789 1364 925 1440 scholiis,
942 1387 997 1424 nec
1011 1380 1111 1424 tamen
1129 1369 1267 1439 utiliora,
1285 1369 1339 1425 sed

314 1470 422 1549 *modo
436 1487 634 1544 supervacua,
647 1470 737 1525 modo
754 1468 894 1544 repetita,
910 1470 1001 1525 mode
1018 1468 1108 1541 falsa,
1125 1480 1177 1524 aut
1192 1484 1339 1544 perquem

232 1637 234 1643 „
330 1570 424 1627 *dubia
443 1570 676 1626 continentibus.
692 1571 736 1624 De
749 1568 859 1642 quibus
872 1569 1023 1626 interdum
1043 1569 1164 1644 quidem
1178 1569 1339 1640 adurentem

333 1679 364 1725 at
383 1686 499 1743 semper
517 1669 612 1724 facere
632 1667 782 1723 infinitum
796 1668 907 1727 fnisset.
926 1668 975 1724 Ad
994 1668 1106 1724 indices
1121 1680 1219 1726 autem
1237 1668 1339 1728 confi-

333 1769 468 1837 ciendos,
485 1787 576 1840 quam
597 1768 794 1835 necessarios,
820 1777 881 1821 tam
907 1767 1005 1841 longi,
1029 1769 1187 1842 gravisque
1206 1769 1339 1840 laberis,

277 1864 279 1869 ’
333 1867 427 1923 otium
440 1864 513 1920 mihi
529 1864 672 1934 defuisse,
688 1882 750 1919 non
762 1874 807 1918 est
819 1882 873 1921 cur
884 1864 1169 1923 scientibusdicam.
1188 1869 1269 1925 Satis
1288 1889 1339 1929 su-

334 1984 447 2042 perque
461 1965 497 2020 iis
508 1963 560 2038 qui
573 1964 651 2037 aequi
664 1964 741 2033 siut,
758 1963 856 2019 visum
869 1963 925 2034 iri,
945 1984 1049 2039 spero,
1069 1967 1225 2040 quedlrae
1235 1979 1339 2041 aetate,

331 2067 450 2123 nemine
470 2065 649 2139 adjuvante,
672 2083 710 2120 ne
735 2064 882 2139 discipulo
905 2065 1042 2139 quidem,
1063 2077 1116 2122 aut
1142 2085 1338 2141 emeruerunt,

335 2186 402 2223 cnm
423 2168 454 2222 in
470 2166 518 2221 his
537 2165 668 2235 ultimis,
692 2175 756 2220 tum
772 2165 805 2220 iu
823 2164 934 2221 caeteris
952 2166 990 2222 de
1005 2166 1117 2241 quibus
1140 2167 1257 2225 dietum
1277 2182 1340 2243 est,

334 2286 400 2342 quae
419 2266 586 2323 distinctius
601 2265 702 2321 omnia
719 2284 801 2321 nunc
812 2262 918 2323 urdine
928 2268 1180 2338 recensebuntur,
1201 2273 1339 2346 exemplo

334 2370 435 2423 saltem
448 2367 659 2440 qualicumque
672 2345 942 2460 ostendmhrflmo,
956 2384 1017 2441 que
1029 2367 1144 2424 ratione
1157 2368 1338 2443 existimem,

333 2468 562 2542 Sepulchrctum
595 2466 732 2539 auctius,
752 2466 899 2542 simulque
926 2467 1029 2526 utilius
1054 2469 1215 2545 aliqstaade
1247 2471 1336 2529 reddi

332 2586 430 2643 posse.

376 2708 422 2745 12.
438 2688 534 2766 Igitur
547 2687 677 2744 ineditas
695 2687 733 2743 ad
750 2683 809 2742 hoc
826 2697 942 2762 tempus
959 2670 1182 2744 ohserratidnes
1194 2691 1336 2765 profero,

329 2791 407 2846 hene
421 2791 529 2845 multas
543 2789 703 2857 Valsalvae,
725 2787 888 2843 amicorum
907 2802 969 2843 non
989 2807 1115 2862 paucas,
1132 2790 1262 2847 maxima
1283 2811 1339 2849 au-

331 2902 392 2948 tem
411 2909 447 2946 ex
461 2901 545 2964 parte
561 2906 651 2943 meas.
672 2887 778 2943 Primis
795 2898 823 2942 et
841 2887 961 2958 meriti,
977 2898 1006 2943 et
1020 2890 1145 2945 honoris
1164 2908 1253 2946 causa
1271 2892 1338 2966 pri-

331 3009 413 3046 mum
425 2990 455 3045 in
470 2989 591 3064 singulis
604 2986 751 3062 capitibus
765 2989 864 3044 lecum
874 2986 985 3044 tribuo.
997 2988 1066 3044 Illas
1078 2990 1180 3045 eadem
1193 3004 1265 3046 cura
1274 3009 1335 3067 qua

256 3084 258 3087 ’
330 3090 389 3144 alia
406 3089 498 3158 olim,
526 3099 561 3142 ut
579 3087 611 3142 in
629 3086 693 3159 ejus
711 3086 773 3142 vita
786 3087 899 3142 dictum
912 3100 971 3157 est,
989 3090 1144 3160 collectas,
1161 3099 1192 3144 et
1207 3090 1261 3146 uhi
1280 3091 1341 3147 ita-

244 3176 248 3185 *
331 3191 387 3246 lice
403 3189 520 3264 scriptae
536 3189 675 3259 fuerant,
699 3188 791 3244 latine
812 3188 959 3259 redditus,
981 3207 1082 3245 omnes
1105 3203 1203 3246 autem
1222 3191 1280 3263 ita,
1305 3203 1341 3248 ut

294 3278 300 3285 ’
329 3291 429 3365 ipsum
447 3302 550 3365 optare
570 3289 769 3360 consuevisse,
788 3290 933 3359 sciebam,
951 3290 1124 3366 rescriptas,
1138 3309 1172 3346 ea
1191 3290 1250 3348 fide
1262 3310 1340 3367 pro·-

330 3410 430 3466 pono,
448 3402 482 3446 ut
494 3390 590 3447 sicubi
605 3391 822 3466 nonnunquam
835 3389 1043 3460 subdubitavi,
1069 3404 1108 3446 an
1124 3401 1203 3446 recte
1222 3390 1338 3448 intelli-

330 3510 442 3570 gerem,
456 3492 521 3566 ipsa
533 3491 596 3564 ejus
609 3491 764 3547 maluerim
772 3489 863 3546 verba
870 3491 1051 3564 producere,
1066 3490 1140 3545 nihil
1149 3508 1274 3566 usquam
1284 3494 1340 3549 ‹le-⁴

268 3630 271 3639 -
331 3593 466 3663 trahens,
482 3604 533 3649 aut
552 3593 684 3663 addens,
707 3591 764 3648 nisi
785 3610 820 3647 ex
839 3591 918 3648 illius
939 3611 991 3648 ore
1010 3603 1182 3666 acceptum,
1207 3594 1291 3667 quod
1305 3593 1339 3649 iu

329 3693 433 3770 paucis
456 3690 580 3764 accidit,
602 3712 676 3767 quas
697 3687 770 3748 mssti
785 3693 942 3769 diligenter
954 3704 1141 3764 narraverat,
1160 3713 1222 3749 non
1240 3694 1338 3770 scrip-

331 3806 423 3866 serat,
438 3794 705 3851 0bservationibus.
719 3795 844 3850 Caeteras
859 3795 937 3850 enim
949 3813 984 3852 ex
1000 3793 1064 3867 ejus
1074 3791 1182 3877 chartis
1192 3807 1244 3850 aut
1257 3795 1338 3851 inter

330 3915 360 3952 se
373 3896 472 3967 nexis,
485 3906 536 3951 aut
550 3893 653 3950 solutis
671 3894 782 3969 excepi.
796 3897 876 3965 Quas
893 3915 995 3952 omnes
1011 3897 1141 3966 chartas,
1160 3893 1216 3951 uhi
1229 3896 1337 3952 obser-

327 3996 479 4067 vationes,
498 3994 714 4070 experimenta,
731 3993 848 4071 aliaque
867 3992 913 4053 his
931 3997 1064 4071 epistolis
1078 3994 1254 4072 proposita,
1270 3994 1337 4069 jam
