2798 4668
293 412 362 486 552
461 439 508 485 nr
534 438 680 487 sumens
704 440 749 487 rr
774 436 898 489 crnsrs
922 438 1131 487 uonaornrr

293 548 818 651 ciam,etforsanprimariam
830 577 983 625 causam
991 551 1282 651 hemtplegioe,se·

293 675 558 745 rumentitrsse
567 672 746 759 arbitror,
760 670 854 743 illud
866 670 1060 758 videlicet,
1075 693 1156 767 quo
1170 682 1284 766 postea

294 784 441 856 cerebri
447 786 829 885 porulosobstructos
837 787 960 877 iursse,
969 785 1213 861 existimabat
1220 787 1285 857 Nisi

294 901 467 993 dixisset,
488 902 527 974 id
553 928 593 976 se
611 928 695 976 cum
712 903 889 1004 plitrr'rru's
917 903 1002 977 altis
1024 903 1285 989 observavisse,
1367 976 1368 1009 1

295 1020 477 1119 suspicari
512 1021 647 1118 aliquis
679 1038 825 1120 posset,
855 1021 956 1095 idem
990 1020 1096 1119 quod
1131 1018 1288 1091 Valsalva

293 1150 445 1234 postea,
470 1135 509 1209 id
525 1152 580 1210 est
596 1136 670 1208 ab
661 1153 810 1211 interna
830 1162 942 1210 eausa
963 1136 1136 1209 facturn
1126 1162 1169 1207 ru
1191 1135 1288 1231 longa

295 1251 564 1325 dissectionum
594 1255 688 1324 serie
716 1253 1031 1329 animadvertisse.
1061 1257 1176 1325 Nunc
1202 1251 1289 1323 idem

295 1368 541 1465 intelligimus
558 1369 663 1468 quod
686 1368 845 1468 plurimi
866 1370 936 1442 alii
956 1370 1152 1459 antea,'id
1180 1384 1233 1442 est
1250 1367 1288 1438 ab

295 1486 432 1558 ictibus
457 1502 494 1559 ct
517 1487 758 1574 vulneribus,
775 1485 994 1587 Wepferum
1012 1487 1163 1560 vidisse.
1176 1486 1288 1556 'Porro

297 1629 377 1676 nou
395 1604 455 1676 his
471 1604 688 1678 tumoribus
716 1607 862 1695 solum,
887 1630 1022 1705 parum
1045 1604 1202 1692 tribuit,
1220 1627 1290 1702 par·

296 1737 373 1794 tem
400 1721 546 1796 cerebri
569 1722 760 1797 dexteram
784 1724 823 1794 in
847 1721 1032 1820 ejusmodi
1056 1720 1149 1799 loco
1162 1719 1289 1793 tamdiu

299 1840 651 1939 comprimentibus,
665 1857 703 1914 et
712 1840 816 1940 quod
826 1841 1091 1939 consequitur,
1102 1840 1289 1938 spirituum

298 1957 481 2030 influxum
506 1960 544 2030 in
571 1958 726 2059 spinalis
748 1958 920 2032 medulla
946 1958 1136 2039 sinistram
1159 1971 1287 2056 partem

298 2074 415 2174 longo
448 2091 619 2175 tempore
649 2076 909 2185 *ruentibus
927 2103 935 2146 ε
955 2101 1004 2148 ne
1032 2073 1125 2145 huic
1152 2070 1288 2171 quidem

301 2190 473 2264 medullae
502 2195 622 2292 parti,
650 2220 732 2292 quae
757 2209 958 2294 propterea
986 2190 1143 2263 fortasse
1170 2189 1288 2260 dextra

245 2292 248 2297 ⁵
299 2314 424 2379 minor
439 2309 659 2409 uidebatur,
679 2313 766 2411 plus
790 2298 937 2423 censuit
953 2307 1214 2382 tribuendum.
1229 2309 1289 2377 tte

303 2449 376 2520 que
394 2427 572 2515 multum,
592 2429 737 2528 inquit,
753 2428 808 2500 ad
823 2429 933 2526 hujus
951 2434 1007 2498 rei
1022 2426 1289 2497 demonstratio

300 2566 384 2613 nem
403 2545 549 2636 confert
564 2546 729 2617 medulla
745 2546 901 2645 spinalis
919 2550 1069 2617 sinistra
1081 2548 1209 2613 minor
1216 2537 1288 2609 der·

303 2673 387 2746 tra,·
413 2666 447 2731 si
471 2668 567 2732 enim
581 2660 904 2760 praeternaturale
930 2660 1123 2760 quidpiam
1143 2661 1287 2751 fui'sseti

302 2798 409 2871 aeque
419 2801 492 2874 pes
509 2802 555 2849 ac
573 2780 767 2852 brachium
784 2778 839 2850 ad
854 2794 996 2851 motum
1013 2783 1199 2876 impotens
1213 2795 1289 2871 per·

305 2899 500 2965 mansisset
509 2923 522 2982 ,·
542 2898 648 2993 quasi
665 2922 757 2969 vcro
774 2896 848 2969 hoc
865 2896 1067 2969 discrimen
1081 2893 1288 2994 plerumque

305 3010 346 3078 iu
363 3008 635 3108 hemiplecticis
649 3039 728 3086 non
748 3028 984 3101 occurreret,
1000 3036 1071 3084 nec
1091 3012 1175 3108 ipse
1192 3004 1288 3107 pardo

304 3141 390 3197 aute
403 3127 630 3202 discriminis
648 3156 798 3204 causam
812 3126 1160 3203 indicassetiulabe
1177 3125 1288 3197 adver·
1369 3138 1370 3197 t

304 3267 365 3316 sus
390 3246 556 3319 remedia
579 3251 823 3347 pertinaciori
843 3273 1038 3339 nervorum
1060 3245 1286 3322 actilianum,
1368 3210 1370 3321 i

306 3368 372 3457 qui
380 3364 597 3458 graciliores
619 3383 656 3438 et
673 3374 871 3439 teneriores
897 3381 983 3439 sunt
1008 3369 1127 3436 nervis
1153 3387 1202 3432 ea
1226 3377 1288 3427 oue

305 3501 414 3548 sacro
437 3479 495 3549 ad
502 3476 660 3572 femora
679 3500 716 3554 et
723 3485 844 3583 pedes
870 3480 1183 3555 descendentibus.
1210 3477 1286 3545 Nam

305 3593 410 3692 quod
424 3595 631 3694 profuisse,
649 3603 717 3692 ait,
731 3609 981 3687 curationem,
1001 3620 1088 3697 qua
1097 3590 1287 3694 perageba
1369 3604 1370 3657 ἒ

307 3726 504 3787 tur‘serurn
523 3716 817 3809 discutientibus,
847 3714 1128 3792 absorbentibus
1159 3728 1197 3784 et
1219 3731 1287 3780 era·

233 3896 239 3919 ,
305 3834 500 3904 ouantibus
509 3861 523 3921 ,·
541 3836 681 3908 seilicet
696 3836 857 3938 profuit,
873 3859 999 3909 serum
1011 3829 1231 3903 deducendo
1244 3837 1284 3894 at·

306 3972 380 4046 que
396 3951 613 4042 averteudO,
622 3980 700 4054 quo
708 3971 877 4029 tumores
890 3968 998 4026 antea
1005 3950 1142 4048 magis,
1156 3947 1282 4047 opinor,
