2784 4668
232 461 302 513 ira.
331 465 356 511 1.
384 460 918 529 nnnorsiscnrirrs,rr1sr.
945 464 986 514 11.
1049 463 1117 541 ιη

100 592 162 649 aut
180 575 373 649 sentiendi
393 578 573 676 signum
594 579 679 668 nisi,
694 576 800 675 quod
820 575 917 679 ‚dum
932 577 1117 676 juguleris

99 720 198 766 vena
215 693 371 793 dextera
389 707 559 785 secatur,
575 695 754 766 nonnihil
771 718 810 768 se
828 694 1028 769 contrahit.
1050 696 1117 768 Vi·
1135 794 1138 795 7

101 813 155 883 xit
175 809 226 883 ad
245 810 526 886 horasnovem.
1076 828 1079 835 ’

149 929 312 1002 Cerebri
343 930 542 1005 ventriculi
569 929 674 1028 pleni
700 930 845 1003 inventi
879 942 970 1003 sunt
998 928 1118 1002 fluido

104 1046 305 1144 sanguine.
334 1051 501 1157 Eratque
526 1071 660 1118 eorum
689 1044 821 1119 dexter
849 1045 958 1119 valde
987 1071 1120 1121 erosus

103 1164 207 1234 circa
222 1164 434 1262 marginem
448 1165 672 1236 exteriorem
690 1178 770 1255 tum
787 1165 961 1264 corporis
979 1165 1120 1254 striati,

102 1295 187 1352 tum
197 1279 356 1352 thalami
371 1283 478 1355 nervi
491 1283 627 1381 optici3
638 1282 788 1354 sinister
801 1295 928 1354 autem
942 1279 990 1352 ad
1006 1280 1121 1378 hujus

102 1411 255 1477 tantum
269 1451 280 1487 ,
296 1397 412 1496 idque
430 1398 572 1487 leniter.
596 1398 806 1472 Choroides
822 1398 956 1497 plexus
971 1399 1033 1468 vix
1051 1423 1121 1497 po·

105 1515 181 1585 tuit
199 1513 406 1586 observari.
422 1519 548 1589 Partes
567 1540 701 1589 omnes
717 1516 872 1614 reliquae
885 1540 982 1589 sana
1001 1528 1120 1589 erant,

160 1638 217 1720 14.
246 1631 362 1706 Vides
380 1647 423 1705 ut
442 1634 477 1706 ei
490 1633 664 1732 corporis
679 1632 808 1724 lateri,
828 1632 933 1731 quod
952 1648 1123 1707 crat-ma-

109 1751 165 1849 gis
186 1748 422 1840 resolutum,
439 1774 528 1850 pars
550 1747 696 1824 cerebri
715 1751 930 1822 immineret
950 1775 1034 1849 quae
1052 1750 1124 1822 mi-

109 1892 184 1941 nus
199 1882 298 1940 esset
309 1869 438 1945 vitiata
450 1919 461 1958 ,
475 1884 512 1941 et
524 1869 580 1939 illi
596 1866 866 1965 quodminus,
881 1892 964 1966 quae
980 1868 1125 1967 magis,

111 2000 150 2058 et
164 1985 325 2056 visionis
344 1986 436 2057 vitio
460 2010 543 2084 quae
562 2010 661 2057 noxa
680 1985 730 2057 ad
750 1986 970 2084 optinorum
990 2009 1125 2083 nervo·
1231 1992 1236 2005 '

111 2127 199 2175 rum
212 2101 399 2175 thalamos
409 2102 668 2202 responderet.
689 2107 808 2177 Porro
823 2128 868 2174 ex
881 2102 953 2176 hac
969 2103 1127 2177 historia

113 2236 156 2293 et·
170 2219 344 2325 quaedam
362 2222 437 2293 alia
455 2236 545 2294 sunt
567 2220 791 2319 colligenda.
817 2225 947 2297 Petrus
968 2219 1126 2321 quidem

115 2339 236 2412 Salius
252 2336 308 2436 (1)
324 2353 368 2411 ut
379 2339 575 2438 apoplexia
586 2364 669 2438 quae
687 2353 776 2411 esta
794 2339 975 2436 sanguine
986 2392 997 2427 ,
1009 2338 1127 2410 iuter-

115 2458 226 2529 nosci
242 2471 280 2528 et
300 2456 481 2555 distingui
496 2456 543 2529 ab
567 2481 611 2529 ea
634 2469 763 2554 posset
779 2476 862 2553 quae
882 2452 925 2527 fit
943 2480 966 2551 a
982 2451 1129 2554 frigidis

114 2573 372 2668 humoribus,
397 2575 534 2647 multas
560 2574 760 2672 diligenter
792 2587 902 2645 notas
927 2573 1130 2671 proposuit

114 2693 274 2764 minime
294 2689 619 2786 contemnendas,
638 2690 712 2762 nisi
738 2690 825 2788 quis
849 2686 946 2761 forte
973 2688 1128 2761 oblivis-

118 2826 251 2899 catur,
277 2810 383 2907 signa
404 2808 636 2905 ejuscemodi
662 2830 741 2878 non
766 2830 937 2880 seorsum
958 2805 1130 2904 singula,

118 2945 183 3001 aut
202 2950 349 3026 pauca,
373 2924 439 2998 sed
460 2924 693 3021 conjunctim
716 2922 898 3021 pleraque
921 2946 1000 2994 esse
1024 2948 1132 3021 spec-

118 3045 247 3119 tanda.
276 3045 351 3135 Qui
373 3045 474 3115 enim
501 3043 580 3115 haec
602 3056 749 3113 tantum
777 3039 998 3145 attendisset
1017 3094 1028 3130 ,
1047 3067 1135 3141 apo-

120 3165 287 3264 plexiam
315 3187 336 3233 a
356 3159 493 3260 frigido
515 3159 677 3232 humore
704 3173 950 3257 aegrotantem
980 3162 1083 3259 pati,
1103 3166 1137 3231 si

121 3289 173 3354 sit
191 3305 329 3367 senex,
351 3285 386 3350 si
408 3277 561 3366 mulier,
584 3278 614 3348 si
631 3301 710 3348 non
723 3275 866 3365 rubor,
883 3276 949 3351 sed
960 3282 995 3377 ri
999 3275 1137 3374 pallor

121 3405 160 3472 in
196 3403 279 3470 acie
297 3402 373 3484 sit3
397 3397 558 3468 multum
578 3394 641 3465 ille
665 3395 703 3464 in
722 3394 794 3465 hac
818 3392 957 3492 pallida
977 3394 1136 3466 muliere

123 3516 411 3617 septuagenaria
437 3514 617 3612 deceptus
634 3520 741 3585 esset.
765 3510 810 3584 Id
829 3536 876 3583 eo
899 3510 985 3585 dico
1001 3565 1013 3600 ,
1031 3509 1136 3609 quod

122 3633 306 3722 memini,
321 3656 406 3703 cum
424 3655 567 3703 sacram
584 3623 769 3727 virginem
786 3682 796 3718 ,
815 3629 1136 3733 consanguineam

125 3776 273 3841 meam,
293 3772 414 3821 annos
436 3762 562 3823 natam
590 3736 806 3845 octoginta,
829 3745 921 3816 levis
940 3744 1137 3842 apoplexia

157 4012 204 4091 (ι)
224 4015 262 4069 L.
276 4022 307 4069 et
319 4029 347 4068 c.
362 4010 414 4070 cit.
427 4026 520 4085 sopra
532 4007 581 4065 ad.
599 4025 632 4065 n.
651 4027 681 4080 7.
