2774 4666
237 407 306 454 mr.
335 408 359 454 1.
387 408 435 453 nn
461 406 918 471 uonnrsclr1r1s,nrtsr.
946 410 994 455 av.
1048 385 1118 458 215

107 543 195 590 rum
215 521 256 590 in
273 520 492 593 ventriculis
513 520 691 593 omnibus
707 545 845 618 aquam
860 521 958 609 vidi,
980 546 1051 594 nec
1072 537 1122 593 ta·
1155 604 1157 609 ,
1185 548 1188 555 ·

104 662 197 709 men
210 637 381 711 multam.

161 759 217 841 14.
247 753 420 839 Cerebri,
437 769 474 827 et
490 753 668 837 cerebelli
682 779 789 855 vasa,
814 757 854 828 in
873 755 948 827 hoc
965 755 1122 853 praesule

107 871 339 969 turgidiom,
349 870 511 961 faciunt,
521 888 564 946 ut
574 872 734 945 duarum
749 873 844 944 mihi
852 898 980 944 rerum
997 866 1126 945 veniat

107 991 148 1059 in
166 1005 349 1063 mentem.
368 990 489 1081 Quod
515 1015 628 1090 supra
652 991 709 1088 (1)
736 991 942 1063 indicatum
964 1007 1038 1078 est,
1062 990 1123 1061 vel

109 1131 280 1205 paucum
308 1132 466 1205 aquam,
486 1109 602 1181 modo
626 1110 778 1183 irritans
801 1110 867 1197 sit,
888 1108 1123 1208 apoplexiam

108 1223 245 1298 afferre
256 1249 385 1324 posse,
396 1251 442 1298 eo
451 1227 643 1300 nitebatur
652 1226 757 1324 quod
770 1228 887 1326 possit
896 1225 1126 1315 convellere,

101 1357 145 1414 et
167 1342 276 1439 quod
293 1346 557 1441 consequitur,
590 1344 736 1417 cerebri
760 1360 906 1419 meatus
936 1343 1123 1414 constrin-

111 1485 211 1556 gere.
229 1463 341 1532 Nunc
355 1452 490 1550 velim,
505 1459 582 1534 huc
598 1461 734 1549 addes,
757 1476 863 1534 tanto
891 1460 990 1532 hanc
1014 1482 1124 1531 cons-

107 1578 326 1650 trictionem
340 1574 506 1650 futuram
521 1602 601 1651 esse
618 1579 949 1677 perniciosiorem,
977 1592 1122 1675 quanto

109 1697 230 1792 magis
245 1695 306 1767 vel
323 1694 370 1768 ab
396 1696 465 1766 alia
494 1719 604 1766 causa
630 1693 826 1783 acciderit,
853 1710 896 1766 ut
921 1696 948 1764 ii
977 1710 1123 1766 meatus

111 1813 306 1885 constricti
323 1827 490 1910 exparte
511 1813 588 1908 jam
613 1812 706 1900 sint,
733 1826 798 1884 aut
815 1812 1124 1909 constringantur

111 1928 249 2014 eodem
261 1943 453 2026 tempore,
467 1944 592 2026 putea
608 1931 789 2026 sanguine
802 1954 880 2027 quo
895 1955 980 2001 vasa
996 1932 1123 2001 omnia

109 2072 193 2144 quae
208 2049 307 2118 intra
317 2047 488 2117 cranium
504 2061 591 2119 sunt
602 2101 611 2132 ,
624 2047 710 2144 plus
721 2072 829 2145 aequo
845 2047 1119 2119 distendantur.

108 2166 205 2236 Hinc
222 2164 384 2237 alterum
402 2163 574 2261 colliges,
592 2179 778 2260 quatenus
795 2164 1059 2265 accipiendum
1075 2168 1122 2238 sit

109 2281 217 2380 quod
231 2278 439 2378 famigerati
449 2279 586 2353 medici
596 2279 809 2355 docuerunt
819 2335 829 2368 ,
841 2282 1031 2370 inutilem,
1045 2284 1124 2354 imo

109 2400 262 2471 noxiam
280 2400 321 2470 in
333 2422 459 2470 serosa
475 2397 673 2496 apoplexia
690 2382 887 2477 &serenae
903 2400 1122 2488 sectionem,

110 2532 147 2590 ct
161 2533 240 2591 tam
258 2515 413 2614 quidem
435 2516 607 2604 noxiam,
623 2540 745 2614 quam
774 2510 877 2589 utilis
899 2519 1011 2588 estin
1038 2543 1121 2590 san-

110 2637 241 2734 ginea,
257 2633 466 2707 secundum
480 2633 560 2704 haec
574 2634 672 2704 Celsi
690 2633 745 2731 (a)
764 2635 988 2705 sententiam
1006 2634 1125 2732 expli·

109 2769 263 2826 cantes:
281 2759 314 2823 si
340 2758 467 2824 omnia
492 2750 663 2822 membra
688 2749 935 2823 vehementer
959 2752 1123 2823 resoluta

110 2884 223 2958 sunt,
239 2874 429 2965 sanguinis
455 2868 638 2941 detractio
655 2867 722 2940 vel
734 2866 873 2939 occidit
890 2868 957 2963 uel
974 2868 1120 2939 liberat.

109 2987 297 3086 Equidem
321 2985 538 3085 negandum
556 2981 728 3074 nonest,
750 2984 844 3057 siah
872 3010 970 3082 aqua
994 2985 1127 3057 dunta-

109 3122 174 3178 xat
186 3105 383 3204 apoplexia
395 3106 441 3176 sit
451 3160 461 3193 ,
473 3105 632 3202 perinde
648 3127 726 3177 esse
741 3104 840 3207 hanc
853 3117 966 3199 atque
983 3105 1124 3175 asciten

110 3248 182 3323 per
195 3224 518 3294 venaesectionem
534 3223 630 3295 velle
649 3246 791 3293 curare.
808 3227 951 3294 Verum
967 3221 1034 3295 ubi
1052 3218 1124 3291 fac-

110 3357 188 3413 tam
203 3340 252 3412 ab
269 3366 367 3438 aqua
383 3366 463 3411 non
480 3336 598 3410 multa
616 3341 923 3411 constrictionem
941 3363 1027 3411 rasa
1051 3338 1124 3409 dis·

110 3459 276 3530 tendens
302 3460 453 3556 sanguis
483 3471 636 3556 augeat,
661 3483 791 3529 nonne
817 3458 1123 3529 constrictionem

107 3583 194 3647 ¹tuto
213 3576 361 3647 minuet
374 3577 441 3672 qui
458 3576 562 3646 hunc
580 3574 778 3646 detrahat?

113 3753 161 3769 ²0-
166 3757 289 3768 --ψ
296 3757 476 3767 ——u———u-n-
706 3753 1124 3766 mm

154 3849 260 3927 tor·
285 3847 313 3905 5·
411 3918 414 3925 .

151 3948 196 4027 (a)
218 3949 387 4006 DeMedic.
404 3951 471 4020 1.3,
489 3971 513 4007 c.
531 3968 579 4021 27.
