2782 4668
301 425 374 509 404
414 494 420 499 ,
466 443 513 489 nn
538 440 683 493 sumnus
707 438 752 488 rr
777 441 901 497 causis
923 439 1135 521 uounouuu

299 558 462 628 ticorum
494 556 679 627 sectiones
699 554 923 640 scriberem,
939 555 979 623 in
998 579 1041 626 ea
1062 551 1204 625 femina
1220 579 1299 650 quae

298 672 481 745 tredecim
507 673 687 769 utrinque
712 687 833 745 costas
865 669 1048 759 babebat,
1078 672 1173 741 mira
1199 694 1297 742 cerc-

297 790 412 861 brum
433 788 569 860 duritie
586 813 665 863 esse
681 804 931 860 memoratum
949 788 1020 885 (1),
1045 790 1214 885 itemque
1232 785 1298 856 du-

298 908 383 978 ritie
412 905 522 978 valde
551 905 710 979 notabili
734 908 773 975 in
804 905 1008 977 stabulario
1039 904 1118 1002 (a),
1153 907 1194 974 in
1226 929 1296 1001 quo

298 1039 401 1097 tanta
420 1021 591 1122 profecto
609 1020 698 1106 fuit,
724 1037 767 1094 ut
784 1046 872 1094 cum
893 1024 972 1118 ejus
1000 1022 1202 1093 cerebrum
1225 1019 1297 1090 die-

298 1139 370 1213 bus
386 1165 466 1211 non
480 1141 530 1211 ita
538 1139 666 1211 multis
674 1140 880 1212 inciderem
890 1155 1090 1237 postquam
1101 1137 1295 1210 cerebrum

299 1257 551 1330 dissecueram
574 1256 674 1329 illius
698 1258 850 1329 alterius
873 1259 1010 1329 insanae
1033 1254 1203 1344 femiuae,
1223 1279 1297 1351 qua

302 1398 415 1473 supra
428 1373 483 1471 (3)
494 1372 684 1472 descripta
697 1387 777 1462 est;
795 1370 902 1446 facile
919 1372 1250 1447 animadverterim
1266 1369 1298 1439 id
1386 1378 1387 1467 i

298 1489 405 1589 quod
429 1490 567 1562 diserte
586 1491 626 1560 in
646 1488 877 1563 Adversariis
901 1506 992 1563 tunc
1013 1489 1211 1575 adnotavi,
1236 1486 1297 1556 du-

298 1608 384 1679 ritia
403 1606 534 1682 eadem
560 1631 603 1691 ac
626 1605 740 1703 hujus
766 1604 905 1695 luerat,
934 1607 1125 1679 stabularii
1150 1628 1297 1703 quoque

299 1723 499 1797 cerebrum
522 1722 645 1796 fuisse.
668 1729 809 1797 Eorum
833 1736 959 1795 tamen
980 1723 1298 1822 apoplecticorum

299 1856 434 1914 neuter
453 1840 668 1938 decrepitus
691 1857 780 1912 erat.
806 1840 877 1913 Sed
896 1856 934 1912 et
952 1841 1033 1912 aliis
1051 1840 1248 1911 interdum
1265 1840 1298 1909 in
1387 1864 1389 1901 t

298 1958 422 2032 multo
442 1958 581 2028 minori
599 1973 704 2029 oetate
719 1983 798 2029 non
812 1958 1004 2031 dissimilia
1017 1982 1054 2029 se
1068 1956 1297 2031 obtulerunt

300 2076 395 2148 Satis
415 2075 462 2148 sit
479 2074 596 2164 duos,
612 2090 734 2146 tresve
755 2077 988 2163 nominasse,
1003 2074 1095 2145 Phil.
1118 2066 1236 2146 Conr.
1249 2079 1302 2144 Fa-

301 2192 485 2280 bricium,
499 2192 695 2278 Littrium,
714 2207 751 2263 et
771 2196 983 2263 Fautouum
1000 2206 1158 2288 patrem.
1183 2191 1302 2262 Fabri-

302 2314 381 2386 cius
397 2310 452 2409 (4)
463 2312 503 2381 in
521 2308 661 2383 femina
676 2309 806 2380 mediae
815 2311 954 2399 etatis,
970 2335 1057 2382 cum
1069 2310 1173 2382 bene
1186 2310 1303 2382 valere

301 2430 515 2515 videretur,
534 2442 693 2526 repente
713 2441 881 2515 mortua,
903 2429 1153 2501 substantiam
1172 2429 1309 2499 cerebri

302 2549 546 2642 tamfirmam
564 2559 601 2615 et
618 2550 761 2615 siccam
774 2545 933 2641 reperit,
950 2560 993 2616 ut
1011 2544 1050 2614 id
1063 2545 1306 2617 adnotatione
1388 2564 1389 2641 l

299 2664 457 2763 dignum
477 2663 676 2735 censuerit.
694 2663 850 2735 Littrius
861 2659 916 2757 (5)
933 2660 1094 2749 cerebri,
1112 2662 1306 2748 cerebelli,
1385 2674 1389 2773 ]

181 2844 185 2853 .
302 2797 340 2854 et
356 2779 528 2851 medutlae
545 2777 757 2877 oblongatae
770 2777 1016 2849 substantiam
1025 2780 1125 2851 visus
1138 2795 1178 2851 et
1191 2795 1306 2853 tactus
1387 2776 1389 2801 '

300 2898 445 2996 judicio
462 2895 677 2967 densiorem
692 2910 732 2966 et
753 2897 1044 2992 compactiorem
1056 2920 1174 2992 quam
1186 2898 1306 2984 soleat,

303 3018 345 3087 in
372 3014 551 3085 damnato
569 3013 707 3108 juvene
737 3013 901 3099 invenit,
921 3014 987 3109 qui
1004 3027 1046 3083 ut
1065 3036 1104 3084 se
1124 2992 1304 3112 supplicio

304 3131 559 3218 subtraheret,
591 3129 711 3226 capite
740 3128 787 3201 ad
812 3129 1015 3226 parietem,
1035 3131 1074 3200 in
1104 3156 1223 3227 quem
1253 3155 1304 3200 va·

303 3250 509 3323 lentissime
525 3249 704 3335 incurrit,
724 3246 831 3318 alliso
845 3300 855 3334 ,
871 3247 1053 3337 contiuuo
1073 3271 1112 3318 se
1130 3247 1234 3321 haud
1252 3272 1302 3320 se·
