2780 4666
210 473 277 520 nra.
303 474 329 520 1.
356 474 407 520 nn
430 433 884 538 nonnls‘cnr1r15‚wlsr.
911 471 960 520 iv.
1018 446 1086 520 261

98 582 231 657 riarum
264 585 397 683 pulsus
430 585 664 658 iudicarant:
684 587 839 659 minime
869 582 1091 683 turgebant,

101 700 171 770 sive
186 700 287 772 lente
306 703 483 791 omnino,
501 718 615 800 atque
634 703 816 801 paulatim
829 726 928 800 aqua
938 702 1001 772 illa
1020 700 1099 772 col·

101 816 188 889 lecta
206 814 346 909 fuerat3
364 821 488 1007 nuk,
508 836 550 892 ut
569 820 694 910 vides,
715 820 777 892 hio
796 818 1095 919 fuitapoplexia3

100 954 191 1029 aqua
209 948 336 1006 tamen
350 937 391 1006 in
406 959 426 1005 c
467 936 534 1007 nio
553 936 682 1011 multa
695 937 918 1026 Quoautem
926 921 1006 1008 brec
1018 960 1098 1008 mo·

103 1047 147 1118 do
166 1049 322 1124 collecta
341 1066 455 1140 esset,
475 1049 619 1126 facilius
639 1052 823 1142 dicerem,
842 1055 873 1126 si
894 1056 934 1126 in
955 1055 1097 1127 ventri·

104 1165 188 1237 culis
201 1170 433 1264 prasertim,
450 1184 493 1243 ut
514 1195 593 1249 non
610 1194 739 1270 pauca¹
751 1167 838 1260 fuit,
862 1172 913 1257 sio
933 1172 1098 1270 plurima
1215 1256 1219 1261 ⁴

104 1278 243 1373 fiiisset,
262 1284 532 1384 plexosquein
544 1287 618 1363 illis
636 1287 842 1362 decolores.
865 1291 960 1362 Nam
980 1289 1098 1388 pitui-

105 1400 465 1497 tariam-glandulam
483 1403 719 1501 usqueadeo
738 1417 975 1478 extenuatam
994 1427 1100 1505 spec·

106 1518 192 1596 tanti
219 1519 384 1616 suspicio
409 1545 489 1592 non
512 1521 826 1608 deessetsminus
846 1523 949 1596 illam
973 1521 1100 1595 officio
1159 1522 1161 1526 ⁴

109 1656 170 1704 suo
193 1631 362 1706 functam
388 1662 487 1726 esse,
515 1663 596 1730 non
628 1662 735 1711 secus
769 1660 811 1711 ao
842 1646 1103 1713 mammarum

109 1749 317 1847 glandulam
333 1808 343 1841 ‚
357 1768 395 1826 et
408 1754 604 1851 thymum,
624 1776 666 1831 ac
680 1766 857 1830 testes'eo
876 1750 1104 1830 contractio·¹

108 1868 368 1958 scandemus,
388 1896 466 1967 quo
482 1872 560 1966 jam
577 1871 717 1945 diutius
740 1875 780 1944 in
803 1899 961 1948 munere
983 1899 1105 1949 cessa·

112 2000 193 2056 runt
215 2009 297 2058 suo.
322 1991 370 2058 At
392 1989 422 2059 si
443 1985 610 2059 officium
628 1989 729 2061 illius
748 2006 803 2062 est
823 1990 1106 2064 distillantem

111 2103 321 2175 ventriculis
353 2103 555 2175 humorem
587 2129 657 2202 per
687 2103 974 2185 infundibulum
1001 2111 1106 2196 exci-
1145 2086 1160 2109 μ

112 2241 212 2316 pere3
231 2245 303 2293 our
320 2246 399 2292 non
419 2236 456 2296 et
470 2221 591 2293 multo
605 2221 692 2321 plus
710 2247 815 2319 aquae
834 2225 874 2294 in
893 2223 953 2296 his
964 2223 1106 2316 diisset,

115 2351 147 2409 et
171 2339 210 2408 in
232 2336 407 2436 plexibus
426 2338 549 2410 multo
579 2337 786 2435 longioris,
811 2354 854 2411 ut
883 2342 935 2412 sic
965 2342 1107 2432 dicam,

114 2455 369 2543 macerationis
382 2454 547 2527 indicia-l
563 2457 654 2544 Quae
662 2480 751 2529 sane
761 2442 1109 2558 indicia,ntueque

113 2594 202 2667 aqua
218 2572 400 2670 plurima„
419 2595 491 2644 neo
509 2573 549 2643 in
568 2573 750 2669 agricola,
766 2596 836 2644 nec
850 2575 891 2644 in
904 2575 1109 2655 stabulario

115 2682 282 2779 luerunt,
299 2690 347 2762 de
361 2689 501 2788 quibus
520 2712 633 2787 supra
648 2691 702 2786 (1)
717 2689 948 2781 dictumest,
968 2716 1055 2765 cum
1069 2694 1110 2764 in

117 2805 176 2876 illo
197 2822 324 2880 tamen
343 2831 386 2877 ea
399 2790 582 2904 *glandula
603 2828 771 2902 aqueae
791 2807 833 2878 in
851 2831 939 2879 sene
960 2807 1008 2880 de
1034 2834 1111 2907 quo

117 2920 329 3021 loquimur,
348 2938 548 2999 contracta
561 2936 675 3011 esset,
696 2923 736 2993 in
757 2921 961 2995 stabulario
986 2939 1113 3005 autem

118 3042 223 3113 ctiam
237 3043 372 3115 vitiata.
394 3041 494 3131 Quid
509 3064 598 3138 ergo
614 3054 669 3110 est
680 3039 695 3111 l
708 3041 808 3111 Num
824 3040 945 3138 vulgo
954 3042 1113 3116 traditus

117 3156 227 3255 hujus
245 3159 435 3259 glandulae
461 3180 552 3231 usus
574 3157 687 3233 estin
711 3153 872 3229 dubium,
896 3159 1115 3232 vocandus?

118 3301 162 3348 an
179 3279 325 3376 potius,
345 3275 526 3377 quoniam
545 3276 577 3345 is
595 3273 642 3344 ab
662 3286 848 3345 structura
866 3276 967 3373 ipsa,
987 3291 1024 3348 et
1041 3278 1116 3349 situ

118 3396 278 3493 partium
294 3394 483 3466 indicatur
497 3418 576 3482 non
591 3390 772 3483 obscure,
790 3386 973 3491 peculiari
991 3396 1116 3493 aliqua

119 3514 261 3585 ratione
279 3528 335 3585 est
352 3514 403 3585 ita
422 3510 685 3611 explicandus,
701 3525 743 3582 ut
757 3522 841 3608 quae
855 3513 980 3583 nos-in
994 3511 1116 3583 tribus

120 3630 162 3703 iis
184 3630 406 3702 hominibus
438 3628 623 3728 glandulae
646 3628 735 3699 vitia
767 3628 1118 3723 animadvertimus,

158 3983 202 4063 (ι)
220 3987 263 4044 N.
277 3985 319 4045 ad
329 3996 360 4045 ot
379 3978 429 4063 19}
