2782 4668
548 338 570 382 ν

187 417 254 463 ur.
282 417 306 462 r.
335 417 382 462 ue
407 415 723 485 nonnisosrrrrs,
747 415 857 467 ur1sr.
885 417 964 465 vlu.
1019 395 1088 491 369

98 630 690 653 ἋΜΜΜΜΜΜΜΜΜΜΜ
693 616 1092 653 mmmm

96 754 357 941 uusroil
384 768 959 908 Anarouico-uunioa
978 814 1091 919 vru.
1120 780 1132 793 ’

98 1060 148 1129 De
162 1008 607 1149 Mania,Meloncholia,
626 1074 663 1130 et
681 1058 959 1157 Hydrophobio
975 1062 1093 1135 verba

519 1177 637 1272 fiunt.

96 1349 330 1490 Srounurua
344 1409 384 1476 in
399 1404 644 1503 Sepulchreto
664 1407 854 1477 Sectiones
868 1406 969 1494 duae,
998 1433 1092 1505 qua-

97 1546 172 1592 rum
191 1522 307 1595 altera
326 1522 374 1593 de
389 1527 525 1594 Mania
549 1537 587 1592 et
608 1523 743 1610 Robie,
771 1548 835 1593 seu
862 1524 1091 1622 Hydroplto·

95 1638 171 1730 bia,
187 1641 304 1712 altera
317 1640 367 1712 'de
385 1638 643 1711 Melancholio
651 1694 662 1726 ,
679 1655 716 1709 et
732 1642 947 1732 Affectione
964 1646 1092 1739 Hypo·

97 1755 316 1827 chondrioea
334 1758 513 1854 inscripta
530 1771 595 1827 est.
617 1758 672 1827 De
693 1756 764 1827 hac
780 1772 969 1855 postrema
993 1782 1092 1828 seor·

95 1896 168 1943 sum
182 1899 293 1973 agere
310 1888 462 1944 nonest
480 1874 628 1963 animus
644 1876 841 1971 cogitanti,
857 1873 955 1943 hanc
973 1873 1019 1944 ad
1038 1864 1093 1944 inss

96 1993 235 2061 teritum
253 2017 334 2062 non
344 1990 552 2090 perducere
562 2044 572 2078 ,
584 1993 656 2061 nisi
666 1989 746 2060 aliis
758 1989 993 2088 gravioribus
1008 1991 1092 2093 ads-

95 2107 168 2179 citis
178 2106 342 2190 morbis,
354 2123 397 2179 ut
414 2105 472 2177 vel
482 2132 525 2177 ea
535 2105 674 2177 docent
691 2131 774 2203 quae
786 2108 826 2176 in
844 2098 1092 2204 Se'pulchreto

95 2223 369 2320 producuntur,
381 2224 567 2321 exempla:
583 2226 710 2320 itaque
722 2224 834 2294 simul
846 2225 985 2295 curulis
997 2250 1094 2296 rnor-

93 2335 145 2410 bis
162 2339 268 2438 quod
296 2340 342 2411 ad
360 2341 480 2438 ipsam
502 2341 651 2429 attinet,
680 2340 985 2437 pertractabitur.¹
1000 2344 1092 2413 Me·

93 2451 280 2528 lanoholiae
295 2472 421 2528 autem
433 2459 576 2544 Mania,
592 2462 635 2555 'ut
652 2456 798 2526 Willisii
814 2471 899 2526 utar
918 2444 1041 2528 verbis
1052 2460 1091 2527 in

92 2572 277 2646 volumine
303 2574 437 2647 eodem
456 2572 510 2671 (ι)
539 2573 714 2670 prolatis,
736 2579 938 2643 intantum
962 2564 1090 2669 affinis

91 2704 153 2777 est,
173 2707 213 2762 ut
227 2694 271 2763 ht
288 2695 450 2785 affectus
470 2714 572 2790 soepe
590 2696 689 2763 vices
709 2705 954 2776 commutent,
976 2707 1014 2761 et
1031 2691 1089 2761 al-

90 2818 219 2880 teruter
243 2816 282 2879 in
308 2809 468 2880 alterum
493 2822 686 2905 transeat:
708 2808 802 2905 quin
823 2809 955 2904 saepius
981 2807 1089 2879 dubi·

92 2922 633 3012 tautesmedicosvideas,hinc
644 2924 965 3013 taciturnitate,et
974 2941 1090 3014 metu,

91 3036 173 3113 hinc
189 3034 420 3141 loquacitate
436 3057 474 3113 et
492 3041 646 3113 audacia
662 3042 703 3110 in
722 3039 857 3111 eodem
874 3066 973 3139 aegro
999 3042 1091 3114 sub·

91 3157 171 3232 inde
189 3161 397 3249 alternatis,
431 3158 769 3246 melancholicum,
802 3183 850 3228 an
876 3160 1089 3233 maniacum

92 3281 348 3372 pronuncient.
368 3280 453 3368 Quo
469 3275 612 3381 facilins
626 3277 695 3346 tuli
713 3282 800 3345 ‘cum
811 3275 1013 3348 stultorum
1034 3302 1091 3350 ca·

90 3392 161 3488 pita
179 3393 421 3482 dissecarem,
440 3409 553 3492 atque
576 3406 662 3464 utro
679 3392 913 3466 laborassent
936 3396 1088 3488 delirio,

92 3532 308 3605 quarerem,
320 3514 584 3611 responsiones
596 3534 759 3608 persaepe
771 3511 982 3610 ambiguas,
995 3540 1089 3585 non-

91 3649 282 3725 nunquam
308 3631 408 3701 inter
435 3654 472 3702 se
496 3640 726 3729 pugnantes,
745 3653 852 3701 veras
871 3646 997 3703 tamen
1016 3630 1090 3707 for·

128 3940 169 4019 (ι)
188 3946 226 4001 In
241 3944 340 4004 Schol.
359 3947 397 4003 ad
410 3948 483 4005 obs.
504 3964 535 4019 1,
550 3957 620 4004 sect.
633 3947 667 4019 8,
685 3944 779 4018 ejusd.
792 3949 812 4002 l.

163 4066 192 4110 1·
919 4050 964 4133 24
