<?xml version="1.0" encoding="UTF-8"?>
<!DOCTYPE html PUBLIC "-//W3C//DTD XHTML 1.0 Transitional//EN"
    "http://www.w3.org/TR/xhtml1/DTD/xhtml1-transitional.dtd">
<html xmlns="http://www.w3.org/1999/xhtml" xml:lang="en" lang="en">
 <head>
  <title>
</title>
<meta http-equiv="Content-Type" content="text/html;charset=utf-8" />
  <meta name='ocr-system' content='tesseract 3.04.00' />
  <meta name='ocr-capabilities' content='ocr_page ocr_carea ocr_par ocr_line ocrx_word'/>
</head>
<body>
  <div class='ocr_page' id='page_1' title='image "./desedibusetcaus06adelgoog_0339.png"; bbox 0 0 2780 4666; ppageno 0'>
   <div class='ocr_carea' id='block_1_1' title="bbox 291 482 1243 569">
    <p class='ocr_par' dir='ltr' id='par_1_1' title="bbox 291 482 1243 569">
     <span class='ocr_line' id='line_1_1' title="bbox 291 482 1243 569; baseline -0.006 -1"><span class='ocrx_word' id='word_1_1' title='bbox 291 482 363 569; x_wconf 61' lang='lat'><strong>326</strong></span> <span class='ocrx_word' id='word_1_2' title='bbox 457 518 504 565; x_wconf 77' lang='lat' dir='ltr'><strong>nr</strong></span> <span class='ocrx_word' id='word_1_3' title='bbox 531 494 744 564; x_wconf 69' lang='lat' dir='ltr'><strong>ermenerii</strong></span> <span class='ocrx_word' id='word_1_4' title='bbox 770 510 893 564; x_wconf 76' lang='lat' dir='ltr'><strong>caos1s</strong></span> <span class='ocrx_word' id='word_1_5' title='bbox 918 498 1129 564; x_wconf 67' lang='lat' dir='ltr'><strong>homonum</strong></span> <span class='ocrx_word' id='word_1_6' title='bbox 1239 546 1243 551; x_wconf 84' lang='lat'><em>.</em></span> 
     </span>
    </p>
   </div>
   <div class='ocr_carea' id='block_1_2' title="bbox 290 582 1293 729">
    <p class='ocr_par' dir='ltr' id='par_1_2' title="bbox 290 582 1293 729">
     <span class='ocr_line' id='line_1_2' title="bbox 290 582 1293 729; baseline -0.003 -25"><span class='ocrx_word' id='word_1_7' title='bbox 290 582 661 718; x_wconf 71' lang='lat' dir='ltr'><strong>iebmm⁸eximitur,</strong></span> <span class='ocrx_word' id='word_1_8' title='bbox 685 629 901 729; x_wconf 83' lang='lat' dir='ltr'><strong>limpidum,</strong></span> <span class='ocrx_word' id='word_1_9' title='bbox 924 627 1091 705; x_wconf 88' lang='lat' dir='ltr'><strong>sednon</strong></span> <span class='ocrx_word' id='word_1_10' title='bbox 1109 630 1293 719; x_wconf 81' lang='lat' dir='ltr'><strong>multum,</strong></span> 
     </span>
    </p>
   </div>
   <div class='ocr_carea' id='block_1_3' title="bbox 289 746 1292 962">
    <p class='ocr_par' dir='ltr' id='par_1_3' title="bbox 289 746 1292 962">
     <span class='ocr_line' id='line_1_3' title="bbox 290 746 1292 849; baseline -0.001 -30"><span class='ocrx_word' id='word_1_11' title='bbox 290 746 419 849; x_wconf 85' lang='lat' dir='ltr'>prodit</span> <span class='ocrx_word' id='word_1_12' title='bbox 442 760 578 821; x_wconf 86' lang='lat' dir='ltr'><strong>serum.</strong></span> <span class='ocrx_word' id='word_1_13' title='bbox 597 746 674 834; x_wconf 85' lang='lat' dir='ltr'><strong>Sub</strong></span> <span class='ocrx_word' id='word_1_14' title='bbox 691 748 797 818; x_wconf 86' lang='lat' dir='ltr'><strong>tenni</strong></span> <span class='ocrx_word' id='word_1_15' title='bbox 816 756 972 847; x_wconf 74' lang='lat' dir='ltr'><strong>qnoque</strong></span> <span class='ocrx_word' id='word_1_16' title='bbox 991 748 1186 847; x_wconf 85' lang='lat' dir='ltr'><strong>meninge,</strong></span> <span class='ocrx_word' id='word_1_17' title='bbox 1213 770 1292 846; x_wconf 79' lang='lat' dir='ltr'><strong>qna</strong></span> 
     </span>
     <span class='ocr_line' id='line_1_4' title="bbox 289 862 1292 962; baseline -0.003 -25"><span class='ocrx_word' id='word_1_18' title='bbox 289 867 371 939; x_wconf 84' lang='lat' dir='ltr'><strong>leve</strong></span> <span class='ocrx_word' id='word_1_19' title='bbox 383 864 686 937; x_wconf 76' lang='lat' dir='ltr'><strong>inflammationis</strong></span> <span class='ocrx_word' id='word_1_20' title='bbox 694 862 891 962; x_wconf 79' lang='lat' dir='ltr'><strong>praebebat</strong></span> <span class='ocrx_word' id='word_1_21' title='bbox 905 864 1086 937; x_wconf 80' lang='lat' dir='ltr'><strong>indictam</strong></span> <span class='ocrx_word' id='word_1_22' title='bbox 1098 919 1108 954; x_wconf 88' lang='lat'>,</span> <span class='ocrx_word' id='word_1_23' title='bbox 1121 862 1217 938; x_wconf 86' lang='lat' dir='ltr'><strong>sulci</strong></span> <span class='ocrx_word' id='word_1_24' title='bbox 1229 865 1292 961; x_wconf 83' lang='lat' dir='ltr'><strong>qui</strong></span> 
     </span>
    </p>
   </div>
   <div class='ocr_carea' id='block_1_4' title="bbox 181 979 1293 1070">
    <p class='ocr_par' dir='ltr' id='par_1_4' title="bbox 181 979 1293 1070">
     <span class='ocr_line' id='line_1_5' title="bbox 181 979 1293 1070; baseline -0.001 -18"><span class='ocrx_word' id='word_1_25' title='bbox 181 1010 183 1016; x_wconf 95' lang='lat'>·</span> <span class='ocrx_word' id='word_1_26' title='bbox 290 985 389 1054; x_wconf 85' lang='lat' dir='ltr'><strong>iiiter</strong></span> <span class='ocrx_word' id='word_1_27' title='bbox 405 981 551 1054; x_wconf 75' lang='lat' dir='ltr'>cerebri</span> <span class='ocrx_word' id='word_1_28' title='bbox 567 979 755 1054; x_wconf 84' lang='lat' dir='ltr'><strong>anfractus</strong></span> <span class='ocrx_word' id='word_1_29' title='bbox 779 980 1034 1070; x_wconf 83' lang='lat' dir='ltr'><strong>descendunt,</strong></span> <span class='ocrx_word' id='word_1_30' title='bbox 1057 981 1193 1054; x_wconf 89' lang='lat' dir='ltr'><strong>eodem</strong></span> <span class='ocrx_word' id='word_1_31' title='bbox 1218 1004 1293 1052; x_wconf 87' lang='lat' dir='ltr'><strong>ma·</strong></span> 
     </span>
    </p>
   </div>
   <div class='ocr_carea' id='block_1_5' title="bbox 213 1098 1381 3429">
    <p class='ocr_par' dir='ltr' id='par_1_5' title="bbox 289 1098 1292 1407">
     <span class='ocr_line' id='line_1_6' title="bbox 289 1098 1292 1197; baseline -0.004 -25"><span class='ocrx_word' id='word_1_32' title='bbox 289 1098 431 1172; x_wconf 87' lang='lat' dir='ltr'><strong>nabant</strong></span> <span class='ocrx_word' id='word_1_33' title='bbox 446 1124 543 1171; x_wconf 88' lang='lat' dir='ltr'><strong>sero.</strong></span> <span class='ocrx_word' id='word_1_34' title='bbox 567 1100 741 1197; x_wconf 64' lang='lat' dir='ltr'><strong>Denique</strong></span> <span class='ocrx_word' id='word_1_35' title='bbox 764 1099 805 1169; x_wconf 83' lang='lat' dir='ltr'><strong>in</strong></span> <span class='ocrx_word' id='word_1_36' title='bbox 835 1099 1050 1172; x_wconf 79' lang='lat' dir='ltr'>lateralibus</span> <span class='ocrx_word' id='word_1_37' title='bbox 1075 1099 1292 1171; x_wconf 84' lang='lat' dir='ltr'><strong>ventriculis</strong></span> 
     </span>
     <span class='ocr_line' id='line_1_7' title="bbox 290 1210 1292 1316; baseline -0.003 -27"><span class='ocrx_word' id='word_1_38' title='bbox 290 1210 526 1315; x_wconf 84' lang='lat' dir='ltr'><strong>aliquantum</strong></span> <span class='ocrx_word' id='word_1_39' title='bbox 537 1218 629 1306; x_wconf 85' lang='lat' dir='ltr'><strong>seri,</strong></span> <span class='ocrx_word' id='word_1_40' title='bbox 642 1214 769 1289; x_wconf 88' lang='lat' dir='ltr'><strong>colore</strong></span> <span class='ocrx_word' id='word_1_41' title='bbox 783 1218 990 1314; x_wconf 82' lang='lat' dir='ltr'><strong>sanguineo</strong></span> <span class='ocrx_word' id='word_1_42' title='bbox 1006 1214 1156 1305; x_wconf 86' lang='lat' dir='ltr'><strong>infecti,</strong></span> <span class='ocrx_word' id='word_1_43' title='bbox 1171 1236 1292 1316; x_wconf 89' lang='lat' dir='ltr'><strong>reper-</strong></span> 
     </span>
     <span class='ocr_line' id='line_1_8' title="bbox 289 1344 453 1407; baseline -0.018 0"><span class='ocrx_word' id='word_1_44' title='bbox 289 1344 371 1407; x_wconf 83' lang='lat' dir='ltr'><strong>tum</strong></span> <span class='ocrx_word' id='word_1_45' title='bbox 389 1349 453 1407; x_wconf 90' lang='lat' dir='ltr'><strong>est.</strong></span> 
     </span>
    </p>

    <p class='ocr_par' dir='ltr' id='par_1_6' title="bbox 213 1447 1381 3076">
     <span class='ocr_line' id='line_1_9' title="bbox 337 1447 1292 1550; baseline -0.001 -28"><span class='ocrx_word' id='word_1_46' title='bbox 337 1479 371 1550; x_wconf 86' lang='lat'><strong>9.</strong></span> <span class='ocrx_word' id='word_1_47' title='bbox 400 1447 528 1525; x_wconf 85' lang='lat' dir='ltr'>Febris</span> <span class='ocrx_word' id='word_1_48' title='bbox 546 1452 624 1523; x_wconf 85' lang='lat' dir='ltr'><strong>haec</strong></span> <span class='ocrx_word' id='word_1_49' title='bbox 643 1449 712 1524; x_wconf 83' lang='lat' dir='ltr'><strong>fuit</strong></span> <span class='ocrx_word' id='word_1_50' title='bbox 727 1462 871 1542; x_wconf 61' lang='lat' dir='ltr'><strong>attentae,</strong></span> <span class='ocrx_word' id='word_1_51' title='bbox 889 1453 985 1527; x_wconf 91' lang='lat' dir='ltr'><strong>sicut</strong></span> <span class='ocrx_word' id='word_1_52' title='bbox 1006 1452 1047 1522; x_wconf 81' lang='lat' dir='ltr'><strong>in</strong></span> <span class='ocrx_word' id='word_1_53' title='bbox 1067 1450 1220 1522; x_wconf 85' lang='lat' dir='ltr'><strong>vivente</strong></span> <span class='ocrx_word' id='word_1_54' title='bbox 1232 1449 1292 1521; x_wconf 80' lang='lat' dir='ltr'><strong>ad-</strong></span> 
     </span>
     <span class='ocr_line' id='line_1_10' title="bbox 246 1566 1292 1668; baseline -0.006 -26"><span class='ocrx_word' id='word_1_55' title='bbox 246 1603 250 1614; x_wconf 90' lang='lat'><strong>·</strong></span> <span class='ocrx_word' id='word_1_56' title='bbox 291 1580 438 1659; x_wconf 79' lang='lat' dir='ltr'><strong>notata,</strong></span> <span class='ocrx_word' id='word_1_57' title='bbox 459 1570 545 1642; x_wconf 90' lang='lat' dir='ltr'><strong>etin</strong></span> <span class='ocrx_word' id='word_1_58' title='bbox 564 1584 715 1641; x_wconf 89' lang='lat' dir='ltr'><strong>mortuo</strong></span> <span class='ocrx_word' id='word_1_59' title='bbox 728 1583 876 1668; x_wconf 88' lang='lat' dir='ltr'><strong>reperta</strong></span> <span class='ocrx_word' id='word_1_60' title='bbox 887 1566 1108 1667; x_wconf 82' lang='lat' dir='ltr'><strong>significant.</strong></span> <span class='ocrx_word' id='word_1_61' title='bbox 1129 1568 1251 1639; x_wconf 93' lang='lat' dir='ltr'><strong>Porro</strong></span> <span class='ocrx_word' id='word_1_62' title='bbox 1267 1566 1292 1639; x_wconf 80' lang='lat' dir='ltr'><strong>si</strong></span> 
     </span>
     <span class='ocr_line' id='line_1_11' title="bbox 291 1682 1292 1787; baseline -0.002 -28"><span class='ocrx_word' id='word_1_63' title='bbox 291 1712 372 1759; x_wconf 89' lang='lat' dir='ltr'><strong>eam</strong></span> <span class='ocrx_word' id='word_1_64' title='bbox 391 1714 472 1786; x_wconf 86' lang='lat' dir='ltr'><strong>quae</strong></span> <span class='ocrx_word' id='word_1_65' title='bbox 489 1687 537 1759; x_wconf 91' lang='lat' dir='ltr'><strong>ad</strong></span> <span class='ocrx_word' id='word_1_66' title='bbox 555 1689 673 1787; x_wconf 84' lang='lat' dir='ltr'><strong>ipsam</strong></span> <span class='ocrx_word' id='word_1_67' title='bbox 692 1686 843 1777; x_wconf 80' lang='lat' dir='ltr'><strong>attinet,</strong></span> <span class='ocrx_word' id='word_1_68' title='bbox 863 1689 902 1758; x_wconf 90' lang='lat' dir='ltr'><strong>in</strong></span> <span class='ocrx_word' id='word_1_69' title='bbox 921 1687 1155 1775; x_wconf 72' lang='lat' dir='ltr'><strong>ventriculo,</strong></span> <span class='ocrx_word' id='word_1_70' title='bbox 1181 1682 1292 1757; x_wconf 87' lang='lat' dir='ltr'><strong>intes·</strong></span> 
     </span>
     <span class='ocr_line' id='line_1_12' title="bbox 291 1802 1294 1903; baseline -0.004 -26"><span class='ocrx_word' id='word_1_71' title='bbox 291 1808 398 1893; x_wconf 87' lang='lat' dir='ltr'><strong>tinis,</strong></span> <span class='ocrx_word' id='word_1_72' title='bbox 415 1821 452 1875; x_wconf 90' lang='lat' dir='ltr'><strong>et</strong></span> <span class='ocrx_word' id='word_1_73' title='bbox 468 1807 573 1875; x_wconf 88' lang='lat' dir='ltr'><strong>tenui</strong></span> <span class='ocrx_word' id='word_1_74' title='bbox 585 1807 761 1903; x_wconf 83' lang='lat' dir='ltr'><strong>meninge</strong></span> <span class='ocrx_word' id='word_1_75' title='bbox 778 1802 1075 1878; x_wconf 84' lang='lat' dir='ltr'><strong>animadversam</strong></span> <span class='ocrx_word' id='word_1_76' title='bbox 1092 1802 1294 1874; x_wconf 84' lang='lat' dir='ltr'><strong>inflamma·</strong></span> 
     </span>
     <span class='ocr_line' id='line_1_13' title="bbox 291 1914 1292 2022; baseline -0.003 -28"><span class='ocrx_word' id='word_1_77' title='bbox 291 1923 434 1994; x_wconf 81' lang='lat' dir='ltr'><strong>tionem</strong></span> <span class='ocrx_word' id='word_1_78' title='bbox 451 1914 629 2020; x_wconf 56' lang='lat' dir='ltr'><strong>seponas,&#39;</strong></span> <span class='ocrx_word' id='word_1_79' title='bbox 646 1923 827 1996; x_wconf 88' lang='lat' dir='ltr'><strong>leviorem</strong></span> <span class='ocrx_word' id='word_1_80' title='bbox 840 1920 957 1996; x_wconf 84' lang='lat' dir='ltr'><strong>visam</strong></span> <span class='ocrx_word' id='word_1_81' title='bbox 974 1936 1178 2022; x_wconf 86' lang='lat' dir='ltr'><strong>propterea</strong></span> <span class='ocrx_word' id='word_1_82' title='bbox 1195 1919 1292 2019; x_wconf 86' lang='lat' dir='ltr'><strong>qnod</strong></span> 
     </span>
     <span class='ocr_line' id='line_1_14' title="bbox 288 2034 1381 2141; baseline 0.001 -34"><span class='ocrx_word' id='word_1_83' title='bbox 288 2047 500 2129; x_wconf 62' lang='lat' dir='ltr'><strong>tfuamam‘tt</strong></span> <span class='ocrx_word' id='word_1_84' title='bbox 528 2050 623 2127; x_wconf 83' lang='lat' dir='ltr'><strong>erat,</strong></span> <span class='ocrx_word' id='word_1_85' title='bbox 642 2057 684 2112; x_wconf 91' lang='lat' dir='ltr'><strong>ut</strong></span> <span class='ocrx_word' id='word_1_86' title='bbox 709 2041 867 2140; x_wconf 81' lang='lat' dir='ltr'><strong>opinor3</strong></span> <span class='ocrx_word' id='word_1_87' title='bbox 884 2052 981 2138; x_wconf 81' lang='lat' dir='ltr'><strong>aqua</strong></span> <span class='ocrx_word' id='word_1_88' title='bbox 994 2034 1290 2110; x_wconf 85' lang='lat' dir='ltr'><strong>videlicetresta·</strong></span> <span class='ocrx_word' id='word_1_89' title='bbox 1380 2126 1381 2141; x_wconf 11' lang='grc' dir='ltr'>χ</span> 
     </span>
     <span class='ocr_line' id='line_1_15' title="bbox 292 2148 1294 2254; baseline -0.001 -28"><span class='ocrx_word' id='word_1_90' title='bbox 292 2155 363 2244; x_wconf 83' lang='lat' dir='ltr'><strong>bit,</strong></span> <span class='ocrx_word' id='word_1_91' title='bbox 383 2156 563 2254; x_wconf 86' lang='lat' dir='ltr'><strong>adquam</strong></span> <span class='ocrx_word' id='word_1_92' title='bbox 583 2154 854 2233; x_wconf 77' lang='lat' dir='ltr'><strong>hebetudinem</strong></span> <span class='ocrx_word' id='word_1_93' title='bbox 869 2154 978 2231; x_wconf 82' lang='lat' dir='ltr'><strong>istam</strong></span> <span class='ocrx_word' id='word_1_94' title='bbox 988 2148 1127 2230; x_wconf 78' lang='lat' dir='ltr'><strong>referas</strong></span> <span class='ocrx_word' id='word_1_95' title='bbox 1141 2166 1294 2241; x_wconf 81' lang='lat' dir='ltr'><strong>tantam,</strong></span> 
     </span>
     <span class='ocr_line' id='line_1_16' title="bbox 292 2263 1293 2372; baseline -0.003 -28"><span class='ocrx_word' id='word_1_96' title='bbox 292 2284 333 2345; x_wconf 87' lang='lat' dir='ltr'><strong>ut</strong></span> <span class='ocrx_word' id='word_1_97' title='bbox 361 2274 565 2372; x_wconf 84' lang='lat' dir='ltr'><strong>semisopiti</strong></span> <span class='ocrx_word' id='word_1_98' title='bbox 586 2270 722 2364; x_wconf 77' lang='lat' dir='ltr'><strong>instar,</strong></span> <span class='ocrx_word' id='word_1_99' title='bbox 746 2275 863 2347; x_wconf 89' lang='lat' dir='ltr'><strong>homo</strong></span> <span class='ocrx_word' id='word_1_100' title='bbox 891 2263 1215 2372; x_wconf 71' lang='lat' dir='ltr'><strong>interrogantibus</strong></span> <span class='ocrx_word' id='word_1_101' title='bbox 1239 2272 1293 2342; x_wconf 78' lang='lat' dir='ltr'><strong>vix</strong></span> 
     </span>
     <span class='ocr_line' id='line_1_17' title="bbox 293 2388 1294 2488; baseline 0 -28"><span class='ocrx_word' id='word_1_102' title='bbox 293 2391 548 2488; x_wconf 86' lang='lat' dir='ltr'><strong>responderet.</strong></span> <span class='ocrx_word' id='word_1_103' title='bbox 560 2396 750 2488; x_wconf 88' lang='lat' dir='ltr'><strong>Frequens</strong></span> <span class='ocrx_word' id='word_1_104' title='bbox 760 2407 885 2463; x_wconf 87' lang='lat' dir='ltr'><strong>autem</strong></span> <span class='ocrx_word' id='word_1_105' title='bbox 897 2391 1056 2462; x_wconf 81' lang='lat' dir='ltr'><strong>ebrietas</strong></span> <span class='ocrx_word' id='word_1_106' title='bbox 1065 2402 1148 2461; x_wconf 88' lang='lat' dir='ltr'><strong>tum</strong></span> <span class='ocrx_word' id='word_1_107' title='bbox 1157 2388 1294 2461; x_wconf 82' lang='lat' dir='ltr'><strong>inflam-</strong></span> 
     </span>
     <span class='ocr_line' id='line_1_18' title="bbox 294 2500 1292 2596; baseline -0.002 -18"><span class='ocrx_word' id='word_1_108' title='bbox 294 2509 469 2580; x_wconf 78' lang='lat' dir='ltr'><strong>marionis</strong></span> <span class='ocrx_word' id='word_1_109' title='bbox 485 2510 677 2583; x_wconf 85' lang='lat' dir='ltr'><strong>materiam</strong></span> <span class='ocrx_word' id='word_1_110' title='bbox 691 2502 904 2596; x_wconf 84' lang='lat' dir='ltr'><strong>suffecerat,</strong></span> <span class='ocrx_word' id='word_1_111' title='bbox 924 2514 1005 2580; x_wconf 87' lang='lat' dir='ltr'><strong>tum</strong></span> <span class='ocrx_word' id='word_1_112' title='bbox 1021 2505 1225 2580; x_wconf 76' lang='lat' dir='ltr'><strong>cerebrum</strong></span> <span class='ocrx_word' id='word_1_113' title='bbox 1241 2500 1292 2577; x_wconf 83' lang='lat' dir='ltr'><strong>in-</strong></span> 
     </span>
     <span class='ocr_line' id='line_1_19' title="bbox 295 2616 1292 2723; baseline -0.001 -27"><span class='ocrx_word' id='word_1_114' title='bbox 295 2624 502 2716; x_wconf 87' lang='lat' dir='ltr'><strong>firmando,</strong></span> <span class='ocrx_word' id='word_1_115' title='bbox 522 2627 568 2698; x_wconf 91' lang='lat' dir='ltr'><strong>ad</strong></span> <span class='ocrx_word' id='word_1_116' title='bbox 587 2651 692 2723; x_wconf 88' lang='lat' dir='ltr'><strong>aquae</strong></span> <span class='ocrx_word' id='word_1_117' title='bbox 714 2625 815 2699; x_wconf 89' lang='lat' dir='ltr'><strong>illius</strong></span> <span class='ocrx_word' id='word_1_118' title='bbox 834 2620 1080 2698; x_wconf 77' lang='lat' dir='ltr'><strong>secretionem</strong></span> <span class='ocrx_word' id='word_1_119' title='bbox 1099 2616 1292 2723; x_wconf 54' lang='lat' dir='ltr'><strong>disposue-</strong></span> 
     </span>
     <span class='ocr_line' id='line_1_20' title="bbox 284 2736 1292 2842; baseline -0.003 -28"><span class='ocrx_word' id='word_1_120' title='bbox 284 2759 378 2815; x_wconf 88' lang='lat' dir='ltr'><strong>rat:</strong></span> <span class='ocrx_word' id='word_1_121' title='bbox 400 2742 447 2815; x_wconf 90' lang='lat' dir='ltr'><strong>ad</strong></span> <span class='ocrx_word' id='word_1_122' title='bbox 476 2766 590 2842; x_wconf 88' lang='lat' dir='ltr'><strong>qnam</strong></span> <span class='ocrx_word' id='word_1_123' title='bbox 617 2736 942 2815; x_wconf 79' lang='lat' dir='ltr'><strong>adolescentulum</strong></span> <span class='ocrx_word' id='word_1_124' title='bbox 972 2760 1128 2841; x_wconf 85' lang='lat' dir='ltr'><strong>quoque</strong></span> <span class='ocrx_word' id='word_1_125' title='bbox 1145 2740 1195 2813; x_wconf 86' lang='lat' dir='ltr'><strong>de</strong></span> <span class='ocrx_word' id='word_1_126' title='bbox 1223 2758 1292 2840; x_wconf 83' lang='lat' dir='ltr'><strong>quo</strong></span> 
     </span>
     <span class='ocr_line' id='line_1_21' title="bbox 213 2852 1294 2963; baseline -0.003 -33"><span class='ocrx_word' id='word_1_127' title='bbox 213 2873 215 2877; x_wconf 81' lang='grc'>’</span> <span class='ocrx_word' id='word_1_128' title='bbox 295 2856 408 2959; x_wconf 83' lang='lat' dir='ltr'><strong>&#39;paulo</strong></span> <span class='ocrx_word' id='word_1_129' title='bbox 426 2874 511 2932; x_wconf 84' lang='lat' dir='ltr'><strong>&#39;ante</strong></span> <span class='ocrx_word' id='word_1_130' title='bbox 530 2852 672 2931; x_wconf 86' lang='lat' dir='ltr'><strong>dictum</strong></span> <span class='ocrx_word' id='word_1_131' title='bbox 690 2876 763 2946; x_wconf 85' lang='lat' dir='ltr'><strong>est,</strong></span> <span class='ocrx_word' id='word_1_132' title='bbox 775 2874 985 2963; x_wconf 74' lang='lat' dir='ltr'><strong>praegressae</strong></span> <span class='ocrx_word' id='word_1_133' title='bbox 1001 2860 1207 2958; x_wconf 60' lang='lat' dir='ltr'><strong>vertigines</strong></span> <span class='ocrx_word' id='word_1_134' title='bbox 1220 2858 1294 2933; x_wconf 76' lang='lat' dir='ltr'><strong>c&#39;re&#39;·</strong></span> 
     </span>
     <span class='ocr_line' id='line_1_22' title="bbox 295 2965 1292 3076; baseline -0.007 -27"><span class='ocrx_word' id='word_1_135' title='bbox 295 2976 391 3068; x_wconf 84' lang='lat' dir='ltr'><strong>brae,</strong></span> <span class='ocrx_word' id='word_1_136' title='bbox 406 2993 442 3049; x_wconf 91' lang='lat' dir='ltr'><strong>et</strong></span> <span class='ocrx_word' id='word_1_137' title='bbox 452 2970 616 3076; x_wconf 86' lang='lat' dir='ltr'><strong>denique</strong></span> <span class='ocrx_word' id='word_1_138' title='bbox 625 2974 879 3075; x_wconf 80' lang='lat' dir='ltr'><strong>apoplecticris</strong></span> <span class='ocrx_word' id='word_1_139' title='bbox 894 2965 1055 3049; x_wconf 76' lang='lat' dir='ltr'><strong>insultus</strong></span> <span class='ocrx_word' id='word_1_140' title='bbox 1065 2976 1292 3073; x_wconf 78' lang='lat' dir='ltr'><strong>paraverant.</strong></span> 
     </span>
    </p>

    <p class='ocr_par' dir='ltr' id='par_1_7' title="bbox 297 3086 1297 3429">
     <span class='ocr_line' id='line_1_23' title="bbox 351 3086 1297 3193; baseline -0.004 -28"><span class='ocrx_word' id='word_1_141' title='bbox 351 3097 482 3167; x_wconf 80' lang='lat' dir='ltr'><strong>roVir</strong></span> <span class='ocrx_word' id='word_1_142' title='bbox 492 3094 753 3193; x_wconf 82' lang='lat' dir='ltr'><strong>sexagenarius</strong></span> <span class='ocrx_word' id='word_1_143' title='bbox 761 3086 1148 3193; x_wconf 83' lang='lat' dir='ltr'><strong>doiorecorripiturin</strong></span> <span class='ocrx_word' id='word_1_144' title='bbox 1157 3094 1297 3165; x_wconf 77' lang='lat' dir='ltr'><strong>sinisti&#39;a</strong></span> 
     </span>
     <span class='ocr_line' id='line_1_24' title="bbox 297 3206 1297 3311; baseline -0.003 -26"><span class='ocrx_word' id='word_1_145' title='bbox 297 3213 461 3286; x_wconf 87' lang='lat' dir='ltr'><strong>thoracis</strong></span> <span class='ocrx_word' id='word_1_146' title='bbox 479 3229 606 3311; x_wconf 89' lang='lat' dir='ltr'><strong>parte:</strong></span> <span class='ocrx_word' id='word_1_147' title='bbox 627 3214 667 3283; x_wconf 90' lang='lat' dir='ltr'><strong>in</strong></span> <span class='ocrx_word' id='word_1_148' title='bbox 686 3206 841 3286; x_wconf 85' lang='lat' dir='ltr'><strong>dorsum</strong></span> <span class='ocrx_word' id='word_1_149' title='bbox 859 3213 983 3285; x_wconf 87' lang='lat' dir='ltr'><strong>cubat.</strong></span> <span class='ocrx_word' id='word_1_150' title='bbox 1004 3214 1112 3285; x_wconf 83' lang='lat' dir='ltr'><strong>Circa</strong></span> <span class='ocrx_word' id='word_1_151' title='bbox 1128 3211 1230 3285; x_wconf 83' lang='lat' dir='ltr'><strong>diem</strong></span> <span class='ocrx_word' id='word_1_152' title='bbox 1240 3211 1297 3282; x_wconf 88' lang='lat' dir='ltr'><strong>de·</strong></span> 
     </span>
     <span class='ocr_line' id='line_1_25' title="bbox 299 3328 1295 3429; baseline -0.004 -29"><span class='ocrx_word' id='word_1_153' title='bbox 299 3331 439 3409; x_wconf 87' lang='lat' dir='ltr'><strong>cimum</strong></span> <span class='ocrx_word' id='word_1_154' title='bbox 452 3330 595 3403; x_wconf 86' lang='lat' dir='ltr'><strong>accedit</strong></span> <span class='ocrx_word' id='word_1_155' title='bbox 615 3350 794 3429; x_wconf 87' lang='lat' dir='ltr'><strong>soporosa</strong></span> <span class='ocrx_word' id='word_1_156' title='bbox 811 3328 978 3418; x_wconf 86' lang='lat' dir='ltr'><strong>affectio,</strong></span> <span class='ocrx_word' id='word_1_157' title='bbox 991 3344 1067 3428; x_wconf 78' lang='lat' dir='ltr'><strong>qua</strong></span> <span class='ocrx_word' id='word_1_158' title='bbox 1090 3338 1226 3402; x_wconf 80' lang='lat' dir='ltr'><strong>onmes</strong></span> <span class='ocrx_word' id='word_1_159' title='bbox 1243 3329 1295 3397; x_wconf 83' lang='lat' dir='ltr'><strong>in·</strong></span> 
     </span>
    </p>
   </div>
   <div class='ocr_carea' id='block_1_6' title="bbox 295 3428 1379 4131">
    <p class='ocr_par' dir='ltr' id='par_1_8' title="bbox 295 3428 1379 4149">
     <span class='ocr_line' id='line_1_26' title="bbox 295 3428 1295 3545; baseline -0.005 -26"><span class='ocrx_word' id='word_1_160' title='bbox 295 3450 455 3545; x_wconf 13' lang='lat' dir='ltr'><strong>xteriores</strong></span> <span class='ocrx_word' id='word_1_161' title='bbox 476 3464 605 3520; x_wconf 84' lang='lat' dir='ltr'><strong>sensus</strong></span> <span class='ocrx_word' id='word_1_162' title='bbox 620 3449 778 3519; x_wconf 91' lang='lat' dir='ltr'><strong>omnino</strong></span> <span class='ocrx_word' id='word_1_163' title='bbox 795 3436 1065 3520; x_wconf 71' lang='lat' dir='ltr'><strong>obscurantur:</strong></span> <span class='ocrx_word' id='word_1_164' title='bbox 1088 3448 1151 3516; x_wconf 81' lang='lat' dir='ltr'><strong>vix</strong></span> <span class='ocrx_word' id='word_1_165' title='bbox 1170 3466 1210 3519; x_wconf 92' lang='lat' dir='ltr'><strong>se</strong></span> <span class='ocrx_word' id='word_1_166' title='bbox 1226 3428 1295 3516; x_wconf 78' lang='lat' dir='ltr'><strong>ind-</strong></span> 
     </span>
     <span class='ocr_line' id='line_1_27' title="bbox 296 3558 1379 3663; baseline -0.006 -25"><span class='ocrx_word' id='word_1_167' title='bbox 296 3580 374 3655; x_wconf 83' lang='lat' dir='ltr'><strong>vet‚</strong></span> <span class='ocrx_word' id='word_1_168' title='bbox 393 3578 430 3637; x_wconf 91' lang='lat' dir='ltr'><strong>et</strong></span> <span class='ocrx_word' id='word_1_169' title='bbox 446 3562 599 3663; x_wconf 82' lang='lat' dir='ltr'><strong>quando</strong></span> <span class='ocrx_word' id='word_1_170' title='bbox 611 3566 648 3635; x_wconf 93' lang='lat' dir='ltr'><strong>id</strong></span> <span class='ocrx_word' id='word_1_171' title='bbox 668 3563 774 3655; x_wconf 85' lang='lat' dir='ltr'><strong>facit,</strong></span> <span class='ocrx_word' id='word_1_172' title='bbox 792 3565 897 3636; x_wconf 91' lang='lat' dir='ltr'><strong>tarde</strong></span> <span class='ocrx_word' id='word_1_173' title='bbox 912 3579 949 3636; x_wconf 90' lang='lat' dir='ltr'><strong>et</strong></span> <span class='ocrx_word' id='word_1_174' title='bbox 966 3564 1072 3663; x_wconf 81' lang='lat' dir='ltr'><strong>pigre</strong></span> <span class='ocrx_word' id='word_1_175' title='bbox 1091 3560 1190 3637; x_wconf 85' lang='lat' dir='ltr'><strong>facit.</strong></span> <span class='ocrx_word' id='word_1_176' title='bbox 1206 3558 1296 3635; x_wconf 76' lang='lat' dir='ltr'><strong>Acri·</strong></span> <span class='ocrx_word' id='word_1_177' title='bbox 1378 3566 1379 3579; x_wconf 58' lang='lat'>¹</span> 
     </span>
     <span class='ocr_line' id='line_1_28' title="bbox 296 3676 1297 3780; baseline -0.009 -25"><span class='ocrx_word' id='word_1_178' title='bbox 296 3699 353 3755; x_wconf 90' lang='lat' dir='ltr'><strong>ter</strong></span> <span class='ocrx_word' id='word_1_179' title='bbox 368 3682 591 3753; x_wconf 89' lang='lat' dir='ltr'><strong>vellicantu&#39;r</strong></span> <span class='ocrx_word' id='word_1_180' title='bbox 608 3681 741 3780; x_wconf 82' lang='lat' dir='ltr'><strong>pedes3</strong></span> <span class='ocrx_word' id='word_1_181' title='bbox 760 3704 831 3754; x_wconf 91' lang='lat' dir='ltr'><strong>nec</strong></span> <span class='ocrx_word' id='word_1_182' title='bbox 846 3692 971 3753; x_wconf 84' lang='lat' dir='ltr'><strong>tamen</strong></span> <span class='ocrx_word' id='word_1_183' title='bbox 991 3680 1114 3752; x_wconf 79' lang='lat' dir='ltr'><strong>ullum</strong></span> <span class='ocrx_word' id='word_1_184' title='bbox 1141 3676 1297 3752; x_wconf 87' lang='lat' dir='ltr'><strong>ostendit</strong></span> 
     </span>
     <span class='ocr_line' id='line_1_29' title="bbox 297 3792 1296 3897; baseline -0.009 -25"><span class='ocrx_word' id='word_1_185' title='bbox 297 3824 459 3872; x_wconf 84' lang='lat' dir='ltr'><strong>sensum.</strong></span> <span class='ocrx_word' id='word_1_186' title='bbox 472 3802 633 3871; x_wconf 86' lang='lat' dir='ltr'><strong>Moritur</strong></span> <span class='ocrx_word' id='word_1_187' title='bbox 642 3799 817 3897; x_wconf 88' lang='lat' dir='ltr'><strong>denique.</strong></span> <span class='ocrx_word' id='word_1_188' title='bbox 831 3805 876 3870; x_wconf 94' lang='lat' dir='ltr'><strong>In</strong></span> <span class='ocrx_word' id='word_1_189' title='bbox 886 3800 1053 3870; x_wconf 86' lang='lat' dir='ltr'><strong>Thorace</strong></span> <span class='ocrx_word' id='word_1_190' title='bbox 1064 3798 1213 3869; x_wconf 88' lang='lat' dir='ltr'><strong>sinister</strong></span> <span class='ocrx_word' id='word_1_191' title='bbox 1220 3792 1296 3894; x_wconf 86' lang='lat' dir='ltr'>pul·</span> 
     </span>
     <span class='ocr_line' id='line_1_30' title="bbox 296 3915 1298 4011; baseline -0.007 -24"><span class='ocrx_word' id='word_1_192' title='bbox 296 3943 360 3987; x_wconf 90' lang='lat' dir='ltr'><strong>mo</strong></span> <span class='ocrx_word' id='word_1_193' title='bbox 377 3917 573 3991; x_wconf 86' lang='lat' dir='ltr'><strong>induratus</strong></span> <span class='ocrx_word' id='word_1_194' title='bbox 597 3946 605 3986; x_wconf 91' lang='lat'>:</span> <span class='ocrx_word' id='word_1_195' title='bbox 630 3919 669 3988; x_wconf 90' lang='lat' dir='ltr'><strong>in</strong></span> <span class='ocrx_word' id='word_1_196' title='bbox 688 3917 898 3989; x_wconf 84' lang='lat' dir='ltr'><strong>ventriculo</strong></span> <span class='ocrx_word' id='word_1_197' title='bbox 916 3916 1040 3988; x_wconf 87' lang='lat' dir='ltr'><strong>cordis</strong></span> <span class='ocrx_word' id='word_1_198' title='bbox 1059 3915 1213 3987; x_wconf 85' lang='lat' dir='ltr'><strong>dextero</strong></span> <span class='ocrx_word' id='word_1_199' title='bbox 1230 3936 1298 4011; x_wconf 90' lang='lat' dir='ltr'><strong>po·</strong></span> 
     </span>
     <span class='ocr_line' id='line_1_31' title="bbox 298 4033 1299 4131; baseline -0.006 -28"><span class='ocrx_word' id='word_1_200' title='bbox 298 4033 429 4131; x_wconf 75' lang='lat' dir='ltr'><strong>lyposa</strong></span> <span class='ocrx_word' id='word_1_201' title='bbox 447 4036 650 4107; x_wconf 89' lang='lat' dir='ltr'><strong>concretio.</strong></span> <span class='ocrx_word' id='word_1_202' title='bbox 665 4040 769 4107; x_wconf 83' lang='lat' dir='ltr'><strong>Intra</strong></span> <span class='ocrx_word' id='word_1_203' title='bbox 784 4036 970 4122; x_wconf 78' lang='lat' dir='ltr'><strong>cranium,</strong></span> <span class='ocrx_word' id='word_1_204' title='bbox 988 4035 1087 4104; x_wconf 79' lang='lat' dir='ltr'><strong>circa</strong></span> <span class='ocrx_word' id='word_1_205' title='bbox 1103 4050 1188 4106; x_wconf 80' lang='lat' dir='ltr'><strong>vasa</strong></span> <span class='ocrx_word' id='word_1_206' title='bbox 1206 4051 1299 4100; x_wconf 88' lang='lat' dir='ltr'><strong>cras·</strong></span> 
     </span>
    </p>
   </div>
   <div class='ocr_carea' id='block_1_7' title="bbox 0 0 1402 4666">
    <p class='ocr_par' dir='ltr' id='par_1_9' title="bbox 0 0 1402 4666">
     <span class='ocr_line' id='line_1_32' title="bbox 0 0 1402 4666; baseline 0 0"><span class='ocrx_word' id='word_1_207' title='bbox 0 0 1402 4666; x_wconf 95' lang='lat' dir='ltr'><strong> </strong></span> 
     </span>
    </p>
   </div>
  </div>
 </body>
</html>
