2798 4668
288 394 362 485 ooo
452 435 499 483 ur
525 414 739 483 sununs‘rr
764 434 888 484 crusis
912 434 1122 484 nonnarum

290 573 354 620 rus
373 547 445 646 (1),
460 551 685 648 cogitantem
705 574 751 622 eo
769 551 930 622 vesicam
951 550 1158 620 urinariam
1174 551 1273 646 perti·

289 669 437 754 nuisse,
462 693 544 764 quae
570 670 711 760 infanti
721 658 793 740 'vel
806 668 949 766 duplex
976 672 1200 764 contigisset,
1224 660 1275 737 vei

279 789 387 882 justo
409 791 613 883 capacior:
630 785 735 882 quod
751 810 821 884 ego
838 798 1004 857 erratum
1023 785 1086 856 hic
1101 810 1180 856 non
1187 784 1274 855 attin·

290 928 439 1000 gerem,
470 903 541 973 nisi
579 905 713 975 scirem
744 885 915 975 eamdem
942 904 1164 1000 opinionem
1189 900 1274 971 haud

289 1019 419 1091 multis
443 1035 530 1090 ante
547 1020 656 1090 annis
673 1021 826 1092 alterius
839 1045 919 1115 non
933 1019 1114 1119 ignobilis
1130 1021 1170 1090 in
1187 1019 1276 1088 Italia

290 1135 459 1233 chirurgi
477 1134 609 1224 fuissc3
628 1151 670 1208 ut
684 1138 762 1232 jam
779 1139 891 1209 tertio
910 1137 965 1235 (a)
983 1137 1143 1224 humor,
1164 1136 1225 1233 qui
1241 1160 1276 1205 ex

289 1252 349 1325 his
363 1252 575 1326 tumoribus
592 1250 755 1341 effluxit,
777 1256 886 1324 urina
905 1257 952 1327 sit
970 1256 1209 1326 existimatus.
1226 1256 1276 1321 Sa·

216 1440 220 1451 ,
291 1371 477 1469 pientius,
493 1370 557 1442 sed
574 1374 700 1442 miuus
715 1375 941 1459 necessario,
955 1396 999 1442 ex
1012 1372 1186 1469 hydrope
1203 1376 1277 1439 inte·

202 1572 205 1599 Ι
291 1493 402 1559 riorr's
425 1494 572 1558 corticis
592 1487 768 1559 medullas
787 1487 942 1585 spinalis
959 1512 1099 1585 aquam
1121 1488 1217 1558 hanc
1233 1488 1278 1556 vir

290 1605 420 1702 magni
439 1607 603 1676 nominis
622 1604 797 1691 deduxit,
821 1606 888 1702 qui
902 1620 1030 1676 cortex
1046 1605 1141 1676 dam
1158 1630 1202 1676 eo
1220 1621 1279 1674 tan

287 1739 371 1819 get,
387 1721 590 1793 medullam
605 1722 790 1820 spiaalem
808 1726 959 1821 ejusque
974 1724 1122 1794 thecam
1140 1723 1277 1795 dividat.

291 1839 479 1912 Credibile
491 1854 547 1911 est
560 1839 667 1910 illum
693 1864 825 1912 eorum
846 1840 1089 1912 traditionem
1110 1856 1279 1927 secutum,

293 1959 360 2057 qui
374 1957 428 2053 (3)
444 1965 482 2027 in
497 1957 568 2027 hoc
581 1959 722 2048 affecta
730 1959 921 2030 vertebras
938 1964 991 2029 ita
1005 1983 1081 2029 esse
1094 1961 1280 2050 bfiercatas

293 2074 467 2159 voluere,
483 2081 591 2169 quasi
605 2073 771 2144 totaliter
782 2080 820 2144 in
830 2074 927 2146 duas
928 2090 1063 2172 partes
1076 2091 1195 2146 essent
1204 2074 1280 2144 divt-

293 2215 359 2277 sae,
369 2206 411 2260 at
423 2190 593 2262 laniones
599 2194 736 2282 facere
748 2193 929 2282 assolent,
948 2209 1061 2291 atque
1073 2193 1172 2265 adeo
1181 2194 1280 2291 ipsam

280 2332 450 2404 quoque
460 2308 681 2398 medullam3
695 2313 899 2408 praesertim
910 2336 997 2381 cum
1006 2311 1186 2408 Tulpium
1199 2312 1279 2396 citet,

295 2426 362 2523 qui
388 2426 512 2522 inquit
531 2426 607 2523 (4);
626 2426 918 2525 dispeseebatur,
934 2435 1071 2500 vitiata
1092 2429 1178 2500 haec
1191 2432 1281 2524 spira

295 2548 334 2613 ia
348 2542 444 2613 duas
455 2544 621 2640 aequales
630 2559 776 2641 partes,
793 2548 843 2616 ab
857 2546 989 2616 alama
1007 2545 1171 2616 thoracis
1184 2548 1282 2616 aerte-

294 2662 365 2731 bra
394 2686 510 2757 usque
542 2668 579 2731 r'n
609 2660 729 2732 latera
758 2668 850 2733 ossis
878 2667 1126 2749 innominati,
1161 2673 1280 2756 tegente

295 2775 460 2846 hiulcum
480 2776 578 2847 hanc
593 2776 739 2848 hiatum
750 2783 975 2875 peritonoeo.
996 2778 1087 2866 Quae
1110 2775 1220 2859 verba
1235 2772 1279 2842 id·

294 2893 398 2987 circo
417 2892 577 2989 protuli,
597 2895 684 2990 quia
701 2895 740 2963 in
761 2880 1007 2991 Sepulchreto
1020 2920 1128 2991 ,quo
1148 2893 1220 2964 dixi
1236 2888 1279 2986 (5)

295 3008 364 3080 has
379 3009 502 3106 Tulpii
520 3005 800 3087 observationes
814 2993 970 3098 relatas,
990 3013 1179 3083 incassum
1196 3033 1278 3108 quae-

294 3150 398 3197 reres
408 3181 419 3215 ,
429 3127 625 3222 multoque
637 3120 761 3197 minus
771 3151 850 3215 eas,
864 3126 1004 3223 quibus
1014 3127 1097 3198 illas
1106 3125 1279 3199 vertebras

295 3242 521 3333 delineavit,
553 3240 692 3340 figuras
719 3242 799 3340 (6).
828 3245 970 3340 Figurae
999 3245 1100 3315 enim
1134 3244 1180 3314 ab
1206 3242 1277 3340 ipsis

399 3487 501 3559 Progr.
515 3485 557 3538 M.
570 3484 663 3550 Non,
681 3501 728 3539 an.
745 3482 829 3555 1754.

398 3584 464 3639 Huc
477 3582 552 3639 adde
564 3593 592 3637 et
606 3593 713 3656 quarto
727 3601 763 3639 ex
772 3603 803 3639 n.
820 3583 872 3653 16,
885 3583 973 3639 infra,

368 3683 380 3760 )
399 3683 489 3757 Apud
502 3677 632 3757 Ruyseh.
643 3682 716 3740 obs.
728 3685 818 3740 Anat.
831 3682 912 3740 Chir.
929 3683 975 3749 34.

370 3784 381 3859 )
403 3783 476 3838 Obs.
489 3782 569 3837 Med.
583 3783 602 3835 l.
622 3783 656 3852 3,
671 3803 696 3840 c.
713 3784 762 3840 30.

367 3484 379 3561 )

367 3583 379 3660 )

350 3505 362 3540 1

349 3602 365 3639 a

168 3685 365 3740 '·3

353 3790 368 3848 i

349 3881 365 3937 5

334 3881 346 3959 (
367 3881 378 3955 )
398 3883 487 3936 Num.
503 3881 668 3956 superiore.

316 3979 367 4062 (6
400 3981 476 4038 Tabe
496 3999 543 4039 ιι,
