2784 4668
133 524 144 543 ,
214 488 281 533 nm.
310 488 333 532 1.
363 486 409 532 nn
436 460 571 537 nonnis
596 460 889 551 enutris,u1'›1sr.
917 487 972 534 111.
1026 462 1096 561 ‘1⁴67
1127 485 1129 487 ·

100 598 279 687 tionibus,
300 622 393 696 quas
415 618 521 670 veras
540 600 728 696 agnoscit,
744 598 961 687 subnixam,
983 597 1034 670 ob
1058 600 1099 670 id

100 738 209 786 unum
230 697 403 815 respuat,
423 715 529 812 quod
548 712 696 813 vulgata
717 740 873 813 quoqne
893 717 1035 808 nitatur
1052 716 1099 788 de

101 833 325 905 derivatione
339 832 532 922 doctrina,
548 858 664 930 quam
676 833 789 905 docte
802 833 955 931 utique,
970 849 1007 906 et
1016 854 1100 906 ner-

101 975 180 1023 vose
191 951 322 1048 quoad
332 967 460 1049 posset
468 950 769 1049 impugnandum
782 952 862 1048 ipse
874 967 1099 1051 susceperat.

60 1136 63 1141 a
100 1070 336 1166 Quapropter
353 1080 394 1140 ut
410 1094 456 1140 ex
476 1067 555 1140 aliis
574 1069 832 1166 praestantium
848 1050 1016 1139 virorum
1032 1068 1102 1140 ob-

103 1184 394 1276 servationibus,
414 1186 464 1256 it'a
476 1210 521 1257 ex
534 1206 612 1257 una'
627 1188 738 1258 etiam
756 1185 859 1256 Pauli
873 1186 996 1259 Salani
1016 1210 1104 1258 con-

103 1304 222 1400 sequi,
238 1304 415 1400 ‘negavim
436 1303 546 1401 quod
563 1326 634 1402 pro
659 1329 702 1374 ea
729 1303 902 1374 doctrina
922 1304 1105 1400 consequi

103 1420 292 1509 Valsalvae,
310 1419 455 1491 etmihi
477 1421 674 1519 (1)visum
695 1436 784 1495 erat.
807 1422 879 1494 Sed
894 1446 980 1493 cum
1002 1435 1105 1492 tanta

105 1536 329 1609 humanitate
351 1548 456 1609 suam
478 1562 573 1609 ame
594 1539 867 1611 dissensionem
887 1538 1105 1636 conjungit,

106 1656 355 1727 utinurbanus
373 1644 472 1725 mihi·
483 1633 651 1743 viderer,
669 1655 740 1726 nisi
755 1656 836 1750 ejus
850 1655 996 1752 judicio
1018 1681 1106 1753 per-

106 1772 284 1843 mitterem
305 1773 384 1843 haeo
410 1792 551 1871 pauca,
581 1780 662 1870 quoe
687 1771 820 1843 dicam.
840 1773 959 1844 Veriti
977 1797 1117 1845 sumus·

108 1890 271 1962 Valsalra'
285 1895 326 1962 e't
343 1910 413 1989 ego
433 1891 477 1961 id·
494 1890 602 1988 quod
614 1890 768 1962 Salanus
784 1889 899 1978 vidit,
922 1890 1024 1961 casui
1044 1892 1108 1960 tri-

108 2005 234 2097 buere,
254 2007 411 2106 quando
431 2034 517 2080 cum
538 2009 618 2080 aliis
641 2023 723 2079 tum
743 2030 835 2104 quas
857 2006 1029 2080 Valsalva
1049 2010 1109 2077 in-

111 2121 257 2214 dicavit,
280 2141 360 2196 tum
381 2152 475 2223 quas
493 2126 651 2197 omitti'a
666 2151 748 2214 me,
769 2125 865 2215 dixi,
883 2124 1111 2196 observatio-

110 2240 212 2313 nibus
244 2267 480 2341 congruere,
504 2241 855 2332 animadvertimus,
878 2259 917 2314 et
944 2266 1031 2314 cum
1051 2268 1111 2314 ra-

111 2357 202 2429 tione
230 2367 409 2458 quoque,
444 2362 474 2432 si
501 2358 654 2457 quidem
675 2359 823 2465 Inachii
847 2359 991 2431 dexteri
1009 2382 1112 2430 venae
1167 2448 1170 2454 Ι

113 2484 188 2545 eum
199 2477 365 2574 jugulari
383 2468 540 2548 interna
553 2477 705 2548 dextera
724 2479 862 2574 magis,
881 2501 995 2572 quam
1010 2478 1114 2548 sinis·

113 2592 170 2681 tri,
189 2595 492 2682 communicant,
518 2594 558 2664 id
585 2610 641 2665 est
666 2619 730 2665 sua
759 2593 976 2691 depletione
996 2595 1115 2690 magis

114 2709 280 2782 ridentur
310 2709 433 2781 favere
474 2691 682 2808 depletioni
710 2710 809 2781 iilius
835 2712 1040 2809 jugularis,
1078 2726 1117 2781 et¹

116 2829 497 2925 quod-consequitur,
514 2842 697 2899 uenarum
717 2836 846 2924 quae'a
871 2827 1043 2899 dexteris
1054 2853 1115 2898 ce·
1141 2914 1143 2921 Ι

116 2944 207 3016 rebri
220 2946 390 3045 partibus
411 2947 451 3015 in
466 2946 640 3017 dexteros
656 2943 820 3015 influunt
840 2945 963 3015 sinus:
984 2971 1003 3016 e
1027 2945 1115 3016 br'a-

45 3108 48 3119 ,
119 3059 202 3134 chiis
222 3079 346 3135 autem
370 3064 592 3161 sanguinem
613 3064 759 3135 misisse
783 3062 981 3151 Seianum,
1005 3063 1118 3134 intel-

118 3175 270 3276 li'gisat'is
291 3204 421 3279 posse,
442 3181 757 3279 existimarimuS,
779 3202 864 3251 cum
887 3183 927 3251 in
941 3200 1117 3253 sermone

120 3299 335 3389 aVaisalva,
355 3315 424 3371 eta
444 3324 506 3369 me
527 3299 574 3370 de
596 3300 824 3398 hemiplexia
852 3294 1046 3387 instituto,
1071 3301 1118 3370 de

117 3408 215 3486 'nullo
236 3418 308 3488 alio
327 3418 414 3489 loco
435 3416 602 3489 secandae
623 3443 726 3489 venae
741 3441 865 3489 sermo
877 3416 954 3488 fiat.
971 3422 1119 3488 interea

122 3528 207 3602 illud
222 3535 314 3604 mihi
331 3533 378 3604 ab
395 3533 671 3606 humanissimo
684 3537 765 3606 viro
785 3561 865 3606 non
881 3550 1057 3632 negatum
1075 3535 1120 3603 iri

126 3650 358 3741 crediderim,
379 3669 421 3724 ut
432 3678 516 3723 cum
528 3655 746 3752 gravissimo
759 3653 894 3726 medie,
910 3669 947 3724 et
962 3652 1119 3723 Mathes.

164 3984 202 4063 (1)
223 3991 314 4067 Epist.
329 3991 420 4047 modo
434 3990 524 4047 indie.
543 4012 574 4048 u.
594 3998 640 4057 ad.
