2774 4670
178 477 246 524 ur.
273 474 298 523 1.
326 464 719 539 rememoramus,
746 474 859 523 rrrsr.
887 476 935 522 1x.
989 452 1060 549 493
1144 544 1149 553 ¹

54 609 138 659 sum
154 586 285 685 est(1).
302 589 518 659 Substantia
527 588 628 658 enim
642 586 830 658 corticalis
842 589 983 658 cerebri
988 588 1058 658 ad-

54 703 208 776 modum
227 720 354 776 tenera
367 719 468 791 erat,
484 709 653 776 uterium
670 696 746 774 le'ni
761 718 906 775 attactu
921 708 1056 802 influi·
1153 782 1155 785 .

54 817 143 922 dam
164 823 411 893 substantiam
433 836 720 910 converteretur,
740 827 850 918 quasi
863 826 1059 919 nunquam

54 937 273 1010 colraesisset.
295 938 514 1036 Eodemque
540 936 738 1010 referenda
761 952 831 1026 ast,
858 939 930 1010 nisi
952 938 1057 1035 quod

53 1052 173 1152 longe
182 1050 410 1151 profundior
425 1052 513 1143 fuit,
529 1079 573 1126 ea
589 1055 783 1152 corruptio
798 1079 912 1151 quam
927 1059 1058 1128 Ernes-

56 1184 115 1241 tus
134 1172 250 1243 Gottl.
271 1169 499 1243 Schmidtius
513 1169 589 1267 (a),
605 1185 643 1242 et
657 1172 813 1243 Carolus
822 1173 972 1244 Curtius
990 1171 1058 1269 (3),

55 1285 116 1360 hic
139 1289 186 1359 iu
203 1289 341 1384 juvene
360 1289 517 1360 muliere
542 1302 629 1386 post
650 1289 908 1386 apoplexiam,
928 1290 990 1362 ille
1016 1291 1057 1361 in

56 1405 172 1477 milite
188 1419 274 1503 post
289 1404 525 1501 gravissimos
543 1403 714 1492 dolores,
738 1419 775 1476 et
794 1406 891 1476 mala
913 1407 983 1478 alia
1000 1431 1060 1480 ca·

57 1522 158 1620 pitis,
180 1521 295 1616 hujus
317 1522 434 1593 ictum
456 1536 675 1611 consecuta,
699 1521 886 1594 viderunt.
912 1527 1058 1597 Primus

58 1640 157 1721 enim
171 1664 252 1710 non
263 1639 379 1710 modo
388 1639 506 1709 totius
520 1637 772 1736 hemispherii
783 1640 925 1712 dexteri
939 1655 1058 1715 traus-

60 1754 579 1854 mutationemdeprehendit
596 1741 654 1826 'ita
679 1770 721 1827 ut
744 1756 825 1851 ejus
851 1756 1058 1832 substantia

57 1872 234 1970 gelatinoe
262 1872 411 1944 cuidam
439 1871 643 1969 liquidiori,
670 1860 744 1945 rive
770 1874 1057 1972 colliquamento

52 1995 185 2087 potius
199 1990 448 2076 militasset,
464 1987 717 2087 levissimoque
726 2006 900 2064 contactu
911 1989 1065 2084 difflue?

60 2123 122 2195 ret,
131 2106 419 2182 sedeteamdem
427 2109 779 2182 transmutationem
786 2108 1058 2208 adhemisphae·

60 2222 153 2295 rium
176 2241 332 2322 quoque
355 2225 548 2296 sinistrum
574 2232 691 2297 variu
713 2226 802 2307 locis
815 2226 949 2298 'itidem
959 2252 1057 2325 pro-

58 2362 228 2436 gressum.
251 2342 354 2414 Alter
368 2367 459 2414 vero
475 2342 672 2415 dexterum
680 2359 810 2421 'totum
834 2344 1059 2443 hemisphae-

61 2460 172 2551 rium,
193 2474 234 2531 et
252 2462 332 2556 ejus
352 2461 547 2560 meninges
565 2486 719 2559 quoque
738 2458 895 2532 offendit
913 2463 953 2531 in
972 2487 1058 2533 mu-

62 2599 184 2648 cosam
200 2576 446 2649 substantiam
462 2591 641 2664 mutatas,
654 2591 696 2647 ut
711 2577 820 2648 cultri
836 2599 1058 2650 mucronem

62 2695 292 2768 attollentem
302 2696 521 2792 sequens‚in
532 2691 749 2765 filimodum
761 2693 973 2767 duceretur.
987 2697 1060 2769 Sed

62 2811 99 2881 in
116 2827 307 2919 apostema
329 2796 555 2900 evidentius,
578 2826 642 2883 aut
665 2836 744 2882 non
775 2811 888 2906 hujus
910 2816 1057 2909 generis

63 2931 256 3004 transierat
273 2930 438 3001 anterius
454 2926 708 3026 hemisphaerii
721 2929 919 3027 utriusque
939 2946 1060 3002 extre·

62 3067 162 3117 mum
172 3047 213 3116 in
222 3046 353 3143 ignoto
364 3046 588 3143 vir0,quem
596 3059 787 3146 mortuum
808 3046 848 3114 iu
860 3046 920 3116 via
931 3045 1057 3144 publi·
1138 3068 1140 3073 '

65 3184 103 3232 ca
121 3164 338 3251 inventum,
354 3163 472 3235 secuit
483 3163 536 3234 Cl.
551 3163 711 3234 Kaavius
724 3161 787 3259 (A)
807 3167 894 3233 Erat
908 3166 1057 3236 enimin

64 3280 677 3377 mueumflavumfoetidummersus
689 3280 834 3352 cerebri
851 3297 998 3370 cortex,
1019 3301 1061 3356 ut

64 3398 210 3472 vascula
217 3403 300 3497 pice
315 3403 446 3469 matris
460 3398 577 3470 libera
595 3404 634 3468 in
651 3397 964 3496 illofluctuarent.
978 3407 1059 3475 Foe·
1108 3412 1110 3416 ’
