2782 4668
168 449 236 496 mr.
264 449 288 492 1.
316 447 363 495 rr
389 443 525 501 uenere
548 443 708 509 ommis,
733 426 845 492 misr.
871 444 953 492 vm.
1004 427 1068 510 411

81 560 217 650 traham
247 558 369 641 fuvere
398 581 553 657 quoque
586 556 717 634 credes
748 582 862 656 quam
887 557 927 630 in
948 559 1079 656 Sepul-

83 674 277 775 chret0(1)
295 701 383 759 mox
400 674 532 764 habet,
556 675 857 765 observationem
873 671 1078 747 Brechtfel-

82 788 157 884 dii,
169 797 299 894 quito
278 808 380 877 otum
408 794 649 893 aesupltagum
677 808 870 896 angustum
887 791 1024 925 ualde,
1044 807 1082 865 et

83 919 184 1013 quusi
197 903 434 993 romuleum
452 912 607 987 invenit.

125 1055 179 1110 21.
206 1030 280 1108 Sed
297 1054 516 1126 quanquam
540 1027 671 1115 illud
662 1055 702 1119 m
730 1024 1079 1126 Aromataiio(2a)

83 1151 198 1249 primo
209 1150 330 1227 videri
344 1164 468 1249 potest
481 1175 560 1223 neu
577 1174 656 1224 esse
668 1148 963 1249 improbandum
973 1148 1079 1248 quod

84 1293 123 1345 ex
137 1293 214 1343 uuo
233 1270 332 1341 inter
355 1266 629 1367 hydrophobiae
652 1269 758 1366 signa
783 1269 943 1339 maxime
966 1262 1080 1338 obvio

82 1399 245 1462 naturam
263 1387 402 1484 ipsius,
422 1399 460 1467 et
476 1385 604 1459 sedem
628 1386 699 1461 sibi
721 1384 972 1484 indagandam
989 1409 1078 1483 pro·

84 1505 216 1600 pusuit3
242 1503 325 1576 noli
350 1518 477 1575 tamen
502 1503 677 1592 credere,
707 1527 769 1574 me
797 1499 904 1574 facile
930 1504 970 1573 in
998 1503 1079 1599 ejus

51 1624 56 1633 ’
84 1622 296 1693 seutentiam
310 1622 376 1692 ire.
393 1624 525 1719 Neque
544 1609 646 1701 ideo
666 1619 772 1709 dieu,
792 1619 898 1718 quod
917 1618 989 1703 hac
1007 1643 1079 1717 po·

86 1740 159 1820 sita,
170 1764 251 1810 non
264 1738 515 1838 intelligatur,
531 1764 600 1810 cur
614 1739 743 1812 eibum
751 1738 925 1837 plerique
941 1736 1079 1835 hydro·

85 1854 193 1952 phohi
207 1857 282 1943 leri
302 1881 388 1929 eum
404 1854 643 1946 difficultate,
670 1881 750 1935 nou
774 1857 885 1955 pauci
900 1879 1079 1954 quoque,

87 1990 122 2045 ut
131 1975 356 2073 ssaesalpiuus
366 1973 419 2071 (3)
429 2029 439 2064 ‚
449 1976 588 2072 aliique
597 1974 775 2047 viderunt
787 2029 797 2063 ‚
811 1976 1080 2061 deterrumum,

88 2093 172 2180 sire,
189 2108 231 2165 ut
249 2092 423 2164 laudatus
445 2090 719 2165 Brechtfeldius
745 2093 934 2190 loquitur,
957 2088 1082 2162 solida

87 2232 317 2313 quaecumque
326 2225 507 2308 prompte
516 2234 592 2307 per
603 2209 733 2306 gulam
747 2209 963 2285 demittant:
978 2232 1082 2289 nam·

87 2352 151 2424 que
169 2327 262 2400 huic
286 2327 530 2417 dubitationi,
553 2351 636 2424 quae
663 2340 701 2398 et
729 2342 833 2398 extra
858 2327 963 2399 hune
981 2349 1082 2396 mor·

86 2443 186 2535 bum,
213 2449 255 2518 in
280 2443 508 2544 quibusdam
537 2442 769 2541 deglutiendi
799 2441 1083 2514 difficultatibus

86 2561 200 2635 lecum
217 2562 350 2652 habet,
367 2563 496 2661 plures
512 2574 779 2647 occurrerunt,
796 2574 932 2658 praeter
943 2559 1082 2630 Salium

86 2679 195 2777 iprum
210 2680 268 2779 (4)
281 2694 319 2752 et
331 2680 609 2751 Aromatarium
625 2675 692 2775 (5).
713 2676 773 2748 Ob
793 2676 864 2747 alia
882 2676 996 2773 igitur
1013 2699 1082 2773 po·

86 2796 151 2877 tius
165 2796 271 2885 dieo,
295 2821 378 2894 quae
409 2794 473 2867 hie
498 2819 655 2892 quoque
678 2792 787 2880 vidit,
812 2791 879 2865 sed
899 2793 1083 2869 nonsatis

87 2910 265 3003 dissolvit,
281 2917 321 2986 in
330 2914 539 3013 primisque
549 2912 599 2984 ob
613 2910 872 2984 admirabilem
889 2910 991 2985 illam
1005 2910 1083 2980 vim

89 3051 162 3124 quae
178 3056 265 3103 cum
275 3031 541 3129 hydrophobia
554 3031 756 3128 conjuncta
770 3043 844 3116 est,
862 3052 900 3099 se
910 3052 979 3126 per
992 3051 1081 3106 cun·

88 3149 286 3245 legionem,
305 3151 421 3247 longo
435 3151 546 3221 etiam
561 3148 778 3221 intermisso
794 3162 984 3244 tempore,
995 3169 1083 3243 pru-

89 3267 251 3362 pagandi.
270 3273 425 3361 Constat
448 3268 549 3359 enirn
571 3266 611 3345 id
632 3266 737 3364 quod
762 3266 883 3355 Selius
900 3263 974 3361 (6),
996 3287 1082 3347 cum
