2782 4668
161 452 239 500 Lm.
266 453 290 499 1.
319 453 366 498 na
392 451 526 498 uoams
553 451 709 515 carrus,
733 451 845 499 urrsr.
872 452 976 501 vm„
1005 423 1081 517 425

59 568 155 641 levis
165 566 327 664 quidam
338 562 564 637 cernebatur
577 563 714 634 rubor:
728 565 946 637 membrana
954 582 1081 639 autem

62 682 333 783 epiglottidem
352 680 606 778 cartilaginem
620 684 800 768 vestiens,
819 685 987 781 crispata.
1009 688 1083 755 Me·

62 805 232 899 ningum
250 815 433 897 vasatum
454 823 613 888 venosa,
634 816 714 871 tum
732 804 933 887 arteriosa,
947 815 1083 898 praeter

63 900 232 990 modum
248 918 428 1016 sanguine
448 917 580 1015 plena,
600 941 740 1014 eoque,
761 932 802 989 ut
817 917 981 1014 ubique,
995 942 1083 1014 per-

65 1039 192 1135 nigro.
207 1036 325 1107 Nervi
339 1035 456 1133 optici
473 1034 583 1105 solito
601 1035 891 1121 crassiores,sed
908 1035 1082 1124 laxioreS,

67 1169 102 1226 et
118 1153 370 1225 flaccidiores.
395 1155 472 1224 Nec
489 1176 580 1222 vero
596 1152 815 1240 cerebrum,
834 1152 1083 1241 cerebellum,

70 1272 234 1368 spinalis
250 1269 416 1341 medulla
436 1269 592 1353 sicciora
608 1265 780 1359 fuerunt,
808 1295 921 1367 quam
945 1254 1083 1358 solent,

67 1380 108 1459 ut
126 1413 261 1486 neque
284 1388 446 1475 ventris,
474 1385 714 1482 thoracisque
734 1388 901 1475 viscera,
925 1403 962 1459 et
988 1411 1084 1459 mus·

74 1505 159 1575 culi.
179 1509 229 1575 In
250 1503 395 1576 cerebri
410 1503 628 1575 ventriculis
649 1503 812 1575 subflava
829 1528 926 1602 aqua
947 1505 993 1575 ad
1013 1530 1083 1575 un·

72 1624 146 1694 cias
174 1638 265 1696 tres.
297 1622 429 1694 Habita
448 1621 528 1692 baec
552 1623 665 1693 sectio
692 1637 747 1694 est
776 1626 846 1714 Xll
874 1620 945 1693 kal.
966 1604 1083 1717 junii,

71 1741 161 1811 anni
186 1766 294 1838 1727.

119 1859 177 1930 28.
207 1861 286 1949 Etsi
301 1859 434 1931 mortis
451 1872 592 1946 metus,
610 1860 721 1931 minis
736 1873 775 1931 et
791 1857 1013 1935 verberibus
1024 1858 1082 1928 in·

73 1997 220 2064 cussus,
242 1976 353 2047 simul
375 1975 525 2048 videtur
541 1976 659 2047 latens
684 1974 958 2073 hydrophobia
977 1975 1080 2045 virus

75 2094 270 2180 excitasse,
290 2092 401 2165 simul
418 2094 498 2189 ejus
513 2108 738 2191 temperasse
756 2089 932 2180 effectus3
954 2092 1082 2188 negari

73 2222 196 2282 tamen
218 2211 322 2281 haud
340 2225 481 2308 potest,
500 2208 736 2282 affectionem
755 2209 853 2281 hanc
872 2209 919 2279 ad
935 2208 1076 2306 hydro-

75 2325 255 2422 phobiam
270 2329 480 2416 attinuisse,
501 2331 649 2427 quippe·
664 2352 750 2400 cum
765 2343 801 2399 et
819 2326 959 2398 rabiosi
979 2327 1081 2411 cauis
1163 2402 1171 2419 ,

75 2466 221 2519 morsus
241 2450 489 2544 praecesserit,
506 2440 664 2543 etaquae
682 2446 821 2515 horror
837 2446 884 2516 sit
901 2467 1080 2515 conseeu÷

76 2573 132 2633 tus
145 2590 162 2632 :·
175 2566 251 2637 nisi
266 2562 380 2653 forte,
398 2588 484 2634 cum
503 2563 659 2634 Andreae
682 2560 947 2649 sectatoribus,
971 2557 1084 2633 fuisse

77 2680 203 2753 malles
217 2678 530 2779 Pantophobiam.
549 2680 608 2749 Illi
624 2681 724 2752 enim
733 2733 745 2767 ,
762 2694 804 2750 ut
816 2693 871 2750 est
887 2677 989 2775 apud
1008 2683 1084 2751 Ca-

77 2793 172 2869 lium.
182 2799 429 2880 Aurelianum
448 2799 461 2883 (
489 2798 525 2893 l,
546 2795 827 2884 memorabant,
852 2820 927 2867 esse
937 2810 1083 2892 panto·

72 2913 238 3007 phebus,
258 2940 351 3013 quos
373 2940 442 2986 nos
461 2920 685 3013 omnr'Jacmos
709 2914 831 2984 dicere
848 2919 1081 3011 poterimus,

79 3033 257 3125 siquidem
272 3039 399 3103 omnia
416 3039 544 3102 temere
554 3032 748 3103 dicantur:
759 3055 873 3128 quem
884 3029 1082 3119 morbum,
1174 3048 1179 3053 “

80 3151 110 3212 si
123 3172 210 3222 vere
237 3166 358 3221 tamen
377 3175 454 3220 esse
466 3148 615 3249 posset,
646 3148 734 3218 hinc
764 3148 933 3220 discerni„
952 3148 1084 3222 caelius

82 3264 276 3355 voluisset,
297 3268 498 3365 quodnam
522 3267 636 3338 solius
659 3281 797 3364 potus,
823 3265 891 3337 sed
918 3272 1083 3337 omnium

84 3403 200 3454 rerum
221 3392 389 3456 timorem
396 3387 556 3477 faceret.
582 3389 723 3456 Verum
744 3385 774 3456 si
794 3383 896 3454 illam
917 3383 1083 3483 qualem·

84 3517 242 3598 cumque
255 3503 487 3602 deglutiendi
496 3517 628 3600 potus,
639 3526 720 3599 quae
735 3503 773 3572 in
785 3503 981 3600 proposito
995 3525 1083 3573 sene

86 3632 176 3707 erat,
194 3617 471 3710 difficultatem,
487 3622 685 3718 multoque
699 3620 817 3718 magis
831 3620 860 3692 si
874 3618 1083 3718 praecedeu·
1100 3610 1104 3619 ’
1118 3636 1121 3641 ’

82 3823 1075 3867 *-------—-—----i.----·-----

125 3968 165 4047 (1)
185 3979 272 4035 Aeut.
289 3984 370 4038 Pass.
388 3981 408 4035 1.
426 3980 457 4050 3,
472 3998 497 4036 c.
515 3997 560 4037 ra.
