2798 4668
192 3188 196 3237 l

294 407 364 505 598
461 428 508 481 ns
534 430 680 479 sumnus
704 430 748 477 m
773 427 897 477 osusm
921 428 1130 477 nonnosum

294 544 462 645 generis3
489 569 577 615 nam
605 568 687 640 qum
715 543 817 640 aqud
839 545 1110 641 Forestum(1)
1136 545 1273 645 legitur,

293 662 448 735 fortusse
467 666 618 760 etipsa,
640 685 710 733 suo
728 661 770 731 in
786 685 924 758 genere
938 662 1081 760 prima,
1103 678 1222 761 potest
1236 664 1275 733 ad

292 797 463 853 tumores
477 789 679 878 spectasse,
697 802 777 850 non
800 777 988 851 dissimilis
1008 779 1162 877 quidem
1185 797 1275 852 natu·

201 984 208 995 .
293 924 365 987 rae,
385 912 422 969 et
441 895 620 994 periculi,
645 894 710 969 sed
736 910 970 967 tamencum
996 898 1127 969 omnio
1152 898 1277 996 magu,

136 1103 141 1111 Ι
233 1006 237 1015 ’
296 1040 411 1114 quem
429 1038 516 1093 cum
536 1013 661 1110 spina,
677 1015 1021 1101 communicantes,
1041 1013 1173 1111 quales
1186 1015 1222 1083 in
1233 1015 1278 1083 vi·
1338 1030 1340 1035 ’

295 1132 469 1205 ventibus
483 1129 687 1203 infantibus
701 1156 722 1203 a
736 1131 866 1221 nobis,
880 1149 917 1205 et
926 1131 1090 1205 anteaab
1097 1128 1280 1230 Ruysohitn

295 1252 415 1338 visos,
441 1248 529 1321 alibi
555 1249 609 1347 (2)
634 1251 1038 1322 commemoravimus:
1056 1250 1230 1338 alterum,
1249 1249 1280 1319 id

252 1399 262 1411 “
296 1367 401 1465 quod
421 1369 707 1466 proposuimus,
723 1390 803 1440 non
828 1393 977 1465 semper
995 1370 1035 1439 in
1061 1380 1141 1465 quo
1162 1367 1282 1466 hydro

295 1483 449 1557 mchitis
468 1501 545 1573 est,
570 1487 609 1557 in
629 1486 763 1558 eodem
783 1486 1109 1583 hydrocephalum
1129 1504 1206 1557 esse
1229 1483 1281 1556 de·

297 1600 412 1687 here,
433 1628 505 1699 qua
520 1602 567 1674 de
581 1622 641 1691 re,
654 1628 742 1675 eum
755 1603 833 1674 haec
844 1604 1099 1701 relegeremus
1113 1657 1123 1690 ,
1140 1601 1282 1673 libenter

299 1719 462 1791 vidimus
493 1746 572 1792 non
595 1722 703 1795 aliter
728 1746 771 1793 ac
789 1746 860 1794 nos
880 1723 1054 1809 sensisse,
1071 1723 1196 1791 virum
1209 1728 1282 1816 pte

300 1836 444 1909 cla'rum
468 1841 653 1910 Trewiunt
677 1840 740 1935 (3).
763 1845 845 1912 Huc
866 1840 962 1911 adde
992 1860 1132 1936 aquam
1158 1836 1203 1906 de
1225 1854 1284 1932 qna

262 2000 265 2005 ι
302 1957 412 2027 etiam
428 1981 540 2055 supra
554 1956 608 2052 (4)
625 1955 830 2027 indicatum
847 1972 924 2045 est,
942 1956 1040 2027 intm
1063 1958 1184 2027 imum
1201 1952 1284 2023 dum

195 2119 200 2126 -
288 2071 454 2167 <spinalis
470 2073 657 2169 meningis
672 2096 803 2144 cavum
822 2088 1024 2160 secretam,
1043 2092 1129 2169 quae
1148 2072 1178 2143 si
1195 2082 1283 2139 natu·

303 2187 420 2259 nalem
441 2188 598 2259 modum
618 2204 790 2288 superet,
811 2191 893 2287 ipsu
909 2210 982 2287 per
999 2210 1038 2261 se
1055 2184 1285 2284 hydromeli·

303 2304 371 2374 tim
391 2302 512 2378 heere
528 2322 665 2412 potest.
686 2313 789 2377 Hanc
812 2322 938 2378 autem
963 2322 1101 2401 aquam
1129 2298 1285 2374 nonnihil

304 2421 542 2505 viscidulam,
563 2447 651 2494 cave
669 2421 899 2511 confundes,
923 2438 966 2493 ut
990 2419 1193 2507 nonnulli,
1217 2436 1285 2488 eun

298 2540 452 2611 ·viscoso
467 2539 534 2611 illo
553 2540 734 2629 humore,
754 2543 849 2614 sicut
867 2555 1031 2629 veteres,
1049 2565 1071 2611 a
1088 2560 1151 2611 me
1170 2541 1208 2609 in
1228 2535 1285 2608 Atl-
1334 2595 1336 2602 .

306 2657 478 2728 versariis
497 2654 568 2753 (5),
583 2657 758 2746 indicati,
776 2656 991 2729 vocitabant
999 2676 1014 2745 ,‘
1029 2680 1109 2753 quo
1128 2652 1285 2728 venene

305 2774 410 2846 intus
424 2774 663 2848 obliniuntur
681 2803 689 2845 z
709 2780 740 2849 is
759 2777 860 2847 enim
877 2796 1003 2874 neque
1025 2796 1125 2873 aqua
1139 2790 1214 2862 est,
1231 2789 1285 2840 ne·

307 2915 382 2989 que
401 2893 579 2966 interiore
594 2918 774 2991 usquam,
792 2913 917 2990 neque
934 2891 1115 2965 inferiore
1129 2893 1286 2964 dunum

305 3026 412 3107 parte
424 3010 581 3105 inhaeret
600 3035 729 3084 erassae
737 3013 941 3109 meningis,
957 3010 1062 3082 velut
1076 3011 1176 3099 haee,
1194 3016 1284 3105 quam

307 3126 417 3198 video
433 3151 455 3198 a
471 3128 573 3199 claro
592 3152 746 3227 quoque
763 3128 917 3201 Hubeto
934 3129 1004 3225 (6),
1024 3096 1225 3201 'secuntlutn
1239 3130 1285 3191 nl·

324 3432 717 3537 ’summm

414 3563 506 3637 Epist.
519 3566 608 3620 Anat.
624 3585 677 3636 20,
696 3585 726 3621 n.
740 3564 788 3637 57.

414 3665 577 3720 Commerc.
591 3665 661 3721 Litt.
679 3683 725 3721 an.
743 3671 834 3737 1741,
848 3661 944 3723 Hebd.
960 3682 1013 3736 21,
1024 3682 1056 3720 n.
1075 3681 1103 3722 ι.

351 3859 394 3939 (5t
416 3867 445 3920 ΙΙ
457 3865 594 3947 Animad.
609 3865 644 3921 23
659 3876 688 3920 et
703 3868 750 3940 ²9·

291 3946 777 4045 ,mmmmmm.
