2774 4670
204 483 271 530 nm.
299 484 324 530 1.
352 485 399 531 nn
426 441 880 550 noabrscarrrrs,rr1sr.
907 488 956 534 rx.
1008 468 1077 562 471'

87 593 212 667 sedere
232 608 402 696 cogeret:
417 622 500 695 quae
516 618 576 670 res
589 592 769 670 nimirum
788 598 971 699 hydropis
985 597 1083 672 tho-

85 713 175 784 racis
191 716 442 812 suspicionem
462 734 507 785 eo
526 716 643 812 magis
659 715 852 812 ingerebat
867 715 972 813 quod
986 734 1083 814 aeger

84 828 275 919 narrabat,
291 830 436 927 jamdiu
451 854 538 927 crus
554 830 749 903 dexterum
766 831 836 904 sibi
855 831 1081 931 plerumque
1184 886 1188 891 ›

85 943 242 1018 humore
254 947 511 1020 subtumidum
522 943 1082 1037 esseconsuevissemuncvero,

84 1060 121 1130 id
135 1062 239 1158 quod
255 1064 438 1163 admoniti
451 1063 795 1162 conspiciebam,
809 1078 997 1137 tumorem
1003 1067 1082 1161 jam

85 1200 148 1274 per
172 1177 298 1251 femur
321 1182 533 1254 ascendere.
560 1182 680 1254 Facile
699 1196 826 1253 autem
849 1179 920 1253 fuit
943 1180 1083 1272 obuiis,

84 1296 319 1395 innoxiisque
335 1298 511 1373 remediis
530 1298 660 1371 urinas
671 1322 828 1397 augere,
846 1320 968 1396 eoque
976 1297 1081 1372 hunc

83 1426 288 1503 tumorem,
306 1415 485 1513 illamque
505 1417 785 1515 suspicionem,
802 1440 884 1514 quae
899 1431 936 1487 et
950 1430 1080 1514 postea

83 1533 232 1603 omnino
248 1531 392 1604 sublata
407 1548 482 1621 est,
501 1535 697 1623 minuere,
713 1560 793 1605 non
807 1534 857 1606 sie
867 1533 1077 1605 insultuum

83 1649 173 1737 vim,
192 1674 274 1748 quar
291 1651 411 1722 urinis
427 1649 651 1738 ditantibus,
664 1649 801 1748 hisque
817 1675 885 1747 per
898 1658 936 1722 se
953 1651 1080 1748 opacis

84 1782 356 1866 nonnunquam
370 1782 408 1839 et
427 1766 720 1867 nigricantibus‚
739 1766 834 1838 adeo
843 1790 922 1838 non
934 1766 1081 1838 minues
1113 1842 1115 1847 ⁴

85 1881 208 1973 batur,
235 1901 277 1956 ut
305 1900 436 1958 contra
464 1886 603 1973 etiarn,
632 1882 954 1983 quemadmodum
982 1879 1080 1953 dice·

83 1996 180 2088 bam,
195 2002 451 2076 invalesceret.
467 2002 561 2075 Cum
576 2000 656 2072 haee
672 2017 786 2100 atque
796 2000 867 2092 alia
877 2054 888 2088 ,
900 2024 982 2098 qnae
991 2020 1078 2099 pro·

81 2116 190 2189 missae
207 2118 402 2191 brevitatis
422 2120 541 2217 gratia
553 2130 755 2217 praetereo,
770 2100 946 2189 adversus
962 2117 1078 2188 comi-

79 2231 167 2303 tialis
197 2233 324 2305 morbi
353 2236 526 2306 incursus
549 2232 646 2305 nihil
672 2234 863 2321 valerent,
887 2258 1013 2330 neque
1034 2257 1077 2303 ea

80 2374 154 2446 quae
172 2350 221 2422 ad
238 2351 309 2423 hos
324 2349 592 2438 retardandos,
611 2347 979 2448 supprimendosque
990 2364 1075 2446 pro·

77 2461 182 2539 fuisse
207 2465 434 2564 abqnando,
458 2465 554 2548 dixi,
579 2480 753 2562 praestare
781 2463 821 2533 id
851 2477 1074 2561 pergerent3

78 2604 188 2654 uuum
201 2581 272 2654 fuit
297 2581 404 2681 qnod
432 2594 649 2677 constanter
676 2580 892 2678 prodesset,-
920 2581 1073 2676 opium,

77 2695 195 2768 datum
202 2697 274 2770 sub
285 2698 408 2767 noctis
417 2696 566 2766 initium
577 2695 747 2794 pondere
757 2693 941 2767 dimidiati
954 2697 1069 2793 grani.

74 2816 282 2888 Insultuum
302 2816 404 2886 enim
421 2811 653 2910 frequentia,
669 2827 707 2884 et
724 2812 780 2883 vis
803 2829 840 2884 et
858 2810 906 2883 ad
925 2812 993 2883 has
1011 2810 1072 2882 ad-

73 2932 167 3025 jectae
178 2935 313 3032 vigiliae
330 2935 381 3004 ita
398 2946 539 3030 aegrum
556 2932 729 3029 alioquin
742 2929 1010 3016 debilitabant,
1027 2943 1070 3000 ut

75 3047 224 3122 induciae
250 3050 362 3121 nobis
383 3049 516 3145 quovis
542 3065 655 3147 pacto
682 3046 893 3146 quaerendae
918 3043 1069 3118 tuenot.

77 3166 127 3235 Sic
157 3185 282 3241 autern
310 3164 497 3236 nocturna
518 3168 626 3263 quies
651 3181 691 3238 et
713 3188 867 3238 somnus
892 3162 1070 3237 concilia·

74 3278 219 3373 bantur,
235 3292 457 3382 tantumque
473 3284 620 3373 aberat,
640 3300 682 3356 ut
699 3284 791 3356 inde
805 3293 918 3379 caput
935 3304 1068 3379 grave,

74 3413 132 3469 aut
160 3399 276 3473 hebes
293 3400 425 3474 fieret:
445 3401 604 3498 grauitas
620 3409 732 3496 atque
742 3398 952 3485 hebetudo,
973 3422 1067 3496 quas

74 3511 192 3587 diurni
209 3517 369 3596 insultus
378 3518 630 3613 reliquerant,
642 3512 896 3588 tollebantur:
914 3538 1067 3613 qurecae-

73 3635 258 3729 teroquin‚
274 3658 361 3705 cum
381 3634 459 3730 opii
468 3655 556 3705 usus
569 3630 905 3723 intermittebatur,
923 3650 1063 3731 persta·

75 3741 158 3817 bant
176 3763 212 3819 et
225 3750 390 3849 pristinae
407 3748 583 3846 inquietae
600 3747 731 3845 vigiliae
747 3749 942 3847 urgebant.
960 3751 1061 3840 Quin

74 3878 150 3954 post
167 3881 317 3937 noctem
332 3865 534 3962 quamdam
552 3864 756 3961 ejusmodi,
772 3866 883 3966 longe
900 3890 976 3962 prae
993 3891 1062 3937 cae-

73 3980 152 4051 teris
167 3982 445 4073 molestiorem3
473 4009 560 4056 curn
589 3985 636 4059 ad
663 4008 745 4056 eam
771 3983 817 4056 de
833 3983 922 4080 'qua
951 3985 1059 4057 initio
