2798 4668
229 440 348 513 nui.
376 449 900 534 nnuonu1s,cir1r1s,rr1sr.
928 480 976 531 xi.
1039 463 1109 557 545

103 547 352 653 hemiplexia‚
366 564 510 639 anobis
523 585 579 641 est
594 575 649 644 III
665 578 713 648 ad
730 597 766 652 te
783 590 941 684 epistola
952 598 1006 699 (1)
1021 610 1110 680 satis
1200 664 1204 671 ·

102 685 308 746 ostensum.
330 683 413 767 Huc
429 683 524 758 adde
540 691 645 785 quod
659 697 946 794 Sepulcbretum
966 710 1108 816 (aldo-

102 803 182 876 cet,
204 792 402 866 Willisiuru
419 822 573 898 quoque
590 808 768 907 inspectis
783 820 982 919 aliquoties
998 841 1109 912 cada·
1179 923 1184 927 ,

100 906 256 980 veribus
269 935 295 979 a
310 911 425 1010 longa
435 920 614 1014 paralysi
627 941 666 1026 et
672 939 893 1024 gravissima
911 967 1108 1030 nervorum

99 1022 329 1121 resolutione
354 1029 631 1126 defunctorum,
659 1043 944 1144 deprehendisse
964 1088 1108 1168 semper

99 1138 185 1217 lacre
210 1167 371 1242 corpora
383 1175 473 1246 prce
497 1153 582 1226 aliis
608 1164 646 1229 in
667 1167 816 1240 cerebro
835 1182 1103 1278 minusfirma,

100 1261 222 1328 instar
235 1286 401 1336 amurcae
416 1266 663 1366 discolorato,
677 1292 822 1359 etrtrt‘rs
837 1295 993 1372 multum
1012 1306 1105 1378 obti-

100 1382 242 1447 ceratis.

151 1498 183 1579 4.
212 1496 332 1569 Senex
349 1499 442 1573 alter
458 1504 589 1580 eadem
610 1526 714 1595 aetate
737 1542 894 1620 repente
920 1535 1036 1628 cadit,
1061 1546 1104 1615 si·
1127 1584 1131 1591 ³

96 1608 255 1707 mulque
270 1613 423 1689 dextera
439 1637 544 1718 parte
564 1637 734 1728 corporis
749 1638 935 1720 sentiendi
952 1652 1104 1730 movim.

97 1725 215 1822 dique
236 1726 450 1811 facultatem
476 1743 611 1816 amittit
635 1775 643 1817 :
666 1750 936 1857 iuterrogatus,
953 1772 1104 1850 vines.
1199 1782 1202 1791 ’

94 1846 375 1946 pondet‚idque
385 1851 608 1945 balbutiens.
618 1868 724 1956 Toto,
733 1897 811 1969 quo
825 1901 1013 1979 superstes
1021 1889 1103 1986 fuit,
1218 1874 1242 1969 .“

94 1974 267 2060 tempore
285 1991 419 2064 parum
432 1976 586 2069 minxit,
606 1983 731 2059 alvum
746 2008 871 2069 autem
884 2025 1100 2103 nunquam,

92 2079 171 2150 nisi
187 2104 260 2178 ope
287 2104 518 2183 enematum,
544 2108 767 2178 exoneravit.
786 2115 967 2216 Denique
991 2124 1100 2201 initio

93 2195 171 2267 diei
183 2199 368 2296 vigesimae
382 2209 686 2303 primae5difficili
696 2228 898 2305 accedente
911 2261 1026 2338 super
1034 2271 1097 2318 ex·
1128 2247 1132 2251 ’
1154 2340 1158 2353 ι

92 2312 298 2409 spiratione
308 2325 484 2396 «moritur.

142 2429 309 2506 Thorace
326 2455 477 2535 aperto,
492 2448 713 2543 pulmones,
729 2474 767 2530 et
781 2470 987 2559 presaim
1008 2478 1098 2552 dex·
1119 2534 1121 2540 ,

90 2560 171 2636 ter,
186 2549 226 2618 in
250 2557 460 2649 posteriore
480 2580 586 2659 parte
606 2568 838 2670 phlegmone
857 2596 1022 2690 correpti
1037 2599 1096 2670 in·

89 2667 307 2741 veniuntur.
319 2674 468 2774 -Singuli
485 2685 685 2758 ventriculi
700 2694 824 2769 cordis
844 2703 1008 2802 singulas
1019 2740 1097 2789 me·

90 2779 240 2858 diocres
273 2790 475 2889 polyposas
509 2805 771 2883 concretiones
803 2806 1022 2918 habehant,
1055 2835 1095 2906 in

89 2903 360 2997 proximavasa
375 2910 589 3005 productas.
609 2924 655 2990 In
674 2930 792 2999 cranii
810 2939 976 3014 sectione
993 2970 1092 3022 cras·
1203 3036 1205 3041 ¹

90 3016 189 3090 sione
213 3022 389 3124 meninge
408 3028 511 3117 laesa,
531 3058 629 3133 aqua
653 3040 808 3140 limpida
827 3063 1001 3156 erumpit.
1024 3070 1094 3139 Ea-

89 3133 235 3208 demin
254 3138 409 3215 dextero
429 3149 574 3223 cerebri
591 3163 803 3237 ventriculo
820 3178 1008 3269 reperitur
1025 3213 1034 3254 :
1052 3189 1093 3267 in

89 3251 241 3326 sinistro
267 3273 392 3330 autem
417 3269 591 3364 aeruginis
615 3274 742 3350 colore
764 3280 919 3381 inlecta,
945 3320 1027 3394 quac
1053 3305 1092 3377 in

89 3370 173 3464 ejus
185 3369 266 3445 basi
279 3375 489 3454 ulcerosam
500 3389 694 3464 cavitatem
711 3394 894 3477 effecerat.
983 3446 988 3457 =

139 3484 174 3557 5.
212 3492 334 3565 Basim
357 3494 521 3574 lateralis
545 3510 746 3584 ventriculi
777 3514 880 3611 facit,
909 3541 951 3598 ut
978 3538 1094 3629 nosti,

88 3625 229 3703 corpus
247 3612 418 3689 striatam
443 3641 523 3689 non
548 3646 662 3719 parva
687 3655 733 3702 ex
757 3651 872 3731 parte.
893 3643 999 3739 Ejus,
1027 3672 1091 3727 aut
1140 3648 1142 3654 ’
