2774 4666
219 467 287 517 un.
316 467 340 512 1.
370 464 414 512 ns
441 464 576 511 nonnis
601 463 760 526 cirins,
786 463 896 511 EPIST.
925 466 973 511 1v.
1028 441 1096 515 225

87 595 325 668 retrorsum,
345 580 454 676 quasi
469 594 511 649 ut
528 579 568 647 in
583 577 861 675 paraphimosi,
882 579 1020 674 rejecta
1033 607 1043 668 ;
1061 595 1098 650 et

89 699 224 770 nescio
243 696 338 795 quid
367 695 574 783 obstaculi,
591 719 670 765 non
693 719 829 791 magno
855 695 903 766 ab
932 712 1097 769 extrema

89 814 231 912 glande
249 813 469 897 intervallo,
487 813 657 883 immisso
675 812 830 909 specillo
845 816 1096 902 occurrentis,

88 931 250 1003 urethra
266 945 426 1011 autema
444 930 552 1026 penis
569 928 794 1027 corporibus
814 953 904 1000 mox
917 932 1098 1026 sejuncta,

90 1049 281 1119 continuo
294 1047 452 1132 sublati,
468 1045 657 1133 fecerunt,
676 1061 718 1117 ut
736 1046 857 1135 hanc,
874 1048 981 1118 initio
997 1073 1018 1118 a
1033 1074 1097 1119 ve-

90 1168 169 1236 sica
179 1164 325 1252 ·duct0,
342 1163 516 1236 adfinem
530 1187 649 1260 usque
661 1164 873 1260 aperirem,
892 1179 929 1235 et
943 1164 1098 1262 diligen-

90 1283 168 1353 tius
198 1283 473 1352 examinarem:
494 1279 560 1352 sed
584 1279 678 1351 nihil
698 1281 779 1364 vitii
807 1297 1001 1378 repertum
1021 1298 1097 1372 est,

91 1401 121 1471 si
135 1397 319 1495 quasdam
331 1398 495 1484 albidas,
517 1397 777 1495 oblongasque
791 1399 953 1495 excipias
967 1399 1098 1488 lineas,

92 1515 252 1613 oblique
272 1530 357 1587 ante
382 1516 539 1587 alterum
563 1515 660 1586 latus
678 1517 889 1597 caruncula
910 1517 1098 1588 seminalis

92 1633 273 1704 nonnihil
291 1648 478 1718 extantes,
495 1633 664 1730 duasque
683 1631 817 1703 harum
830 1633 988 1720 similes,
1005 1658 1097 1731 quas

92 1749 581 1846 triumcirciterdigitorum
591 1763 890 1820 transversorum
898 1750 1098 1821 intervallo

93 1866 142 1938 ab
161 1880 333 1937 extremo
347 1865 515 1935 urinario
535 1880 659 1935 meatu
679 1862 924 1961 deprehendi.

141 1987 279 2054 Sterno
290 1981 459 2069 sublato,
472 1982 673 2078 pulmones
685 1983 877 2081 conspecti
887 1985 1099 2055 suntutrin-

94 2125 170 2197 que
199 2098 428 2170 addorsum
455 2098 718 2186 concidentes,
748 2115 790 2169 ut
809 2100 1098 2197 pinguissimum

94 2215 364 2289 mediastinum
377 2216 535 2287 omnino
543 2215 734 2286 detectum
747 2216 1017 2312 relinquerent.
1030 2222 1098 2288 Eo-

94 2359 183 2405 rum
212 2332 342 2405 dexter
374 2349 451 2404 tota
484 2330 601 2404 ferme
633 2333 798 2421 laterali,
824 2348 861 2404 et
887 2335 1097 2430 posteriore

94 2450 191 2523 facie
213 2476 302 2549 cum
328 2451 459 2548 pleura
483 2454 687 2523 arctissime
716 2450 954 2524 coherebat:
981 2453 1033 2524 sie
1061 2469 1099 2539 et

94 2567 224 2640 cordis
243 2570 418 2640 universa
445 2568 661 2666 superficies
689 2595 776 2641 cum
804 2570 1033 2666 pericardio,
1062 2586 1099 2643 et

94 2682 312 2785 superficies
327 2688 415 2758 item
429 2686 600 2757 auriculae
614 2687 793 2776 dexterae3
813 2689 954 2758 arctius
971 2703 1098 2758 tamen

93 2804 328 2875 ventriculus
359 2805 508 2891 dexter,
537 2828 649 2901 quam
675 2805 833 2875 sinister.
861 2808 905 2875 In
934 2818 1097 2902 utroque

93 2919 242 2992 borum.
253 2923 402 3019 sanguis
416 2937 512 3008 ater,
530 2937 567 2992 et
582 2922 704 3019 picem
713 2918 834 2991 ferme
850 2919 1033 3017 liquidam
1045 2947 1097 2993 re·

93 3036 243 3126 fereus;
263 3038 328 3115 sed
347 3041 378 3110 is
398 3038 579 3136 liquidam
601 3041 719 3135 magis
746 3040 813 3135 qui
837 3052 916 3108 ater
941 3062 1097 3139 quoque

94 3153 541 3254 profluxeratplurimus,
560 3182 644 3229 cum
662 3180 757 3227 vena
775 3180 864 3227 cava
882 3154 930 3226 ad
949 3172 1098 3254 septum
1119 3248 1120 3253 ἵ

94 3287 348 3345 transversum
379 3276 495 3344 incisa
521 3289 586 3344 est.
615 3275 767 3344 Arteriae
797 3275 1000 3364 carotides,
1028 3301 1099 3374 per

94 3391 237 3472 collum
258 3390 499 3480 scandentes,
515 3390 622 3461 valde
640 3392 783 3488 ampla.
796 3392 868 3465 Sed
878 3409 983 3463 aorta
995 3394 1076 3490 ipsa
1088 3446 1113 3483 ,-

93 3522 128 3577 et
141 3506 332 3605 quidquid
347 3510 591 3581 sciensomisi
605 3533 798 3609 vasorum,
816 3526 881 3580 aut
893 3513 1099 3601 viscerum,

92 3641 133 3695 ut
149 3624 302 3695 silentio
314 3626 480 3701 indicare
498 3627 623 3713 sulec,
643 3627 850 3701 secundum
871 3644 1044 3699 naturam
1060 3652 1098 3699 se

94 3740 309 3813 habebant:
329 3746 422 3839 quin
434 3760 470 3815 et
480 3746 640 3816 musculi
652 3761 757 3815 erant
767 3744 864 3814 bene
878 3744 1100 3832 rubicundi,

94 3883 165 3928 nec
186 3860 315 3931 colore
340 3848 481 3947 solum,
508 3861 573 3932 sed
591 3879 627 3933 et
649 3863 748 3931 mole
767 3854 963 3958 elegantes.
990 3865 1098 3931 Cere·

94 3971 207 4046 hrum
228 3977 394 4075 denique
416 3978 574 4052 dissecui
598 3982 759 4078 septimo
778 3977 825 4049 ab
851 3979 1008 4049 interitu
1027 3975 1097 4046 die.

169 4118 199 4165 1.
915 4093 978 4163 ‘15
