2774 4666
105 428 108 433 ·
205 436 273 481 nm.
301 434 879 498 tentMonuls,cAt'1T1s,1tt>lsT.
908 439 956 483 ιν.
1014 412 1080 488 251

78 548 342 621 additamentis
359 547 502 621 editum
526 548 729 621 observatae
748 562 853 634 sunt,
870 548 972 620 illam
987 554 1084 648 pari·

77 680 136 736 ter
156 689 323 737 serosam
336 663 392 762 (r)
405 689 480 762 qua
496 690 609 739 senex
618 664 800 753 miles,de
814 665 921 737 nullo
931 659 1086 763 questus

77 782 348 872 incommodo,
367 783 473 881 quod
489 784 694 881 praesertim
716 783 763 854 ed
784 807 865 854 eam
885 800 1086 881 spectaret,

79 925 166 973 cum
186 902 269 972 ruri
279 925 325 972 eo
333 900 395 971 die
405 894 806 998 fuisset,coenatusque
819 900 989 973 cubitum
1006 905 1088 975 ivis·

78 1033 149 1104 set,
180 1032 338 1115 repente
361 1017 456 1091 ad'eo
483 1018 663 1117 abreptus
682 1033 757 1105 est,
782 1032 824 1087 ut
840 1017 887 1088 ab
906 1043 1024 1091 uxore
1047 1022 1087 1092 in

78 1136 176 1207 lecto
187 1127 364 1209 mortuus
379 1137 623 1209 inveniretur.
689 1198 692 1207 ,
995 1203 998 1209 .

125 1254 185 1325 32.
214 1258 400 1337 Caeterum
419 1279 503 1351 quae
520 1269 712 1353 postremo
730 1254 876 1326 anobis
890 1256 1087 1352 apoplexia

79 1370 265 1468 descripta
277 1354 354 1458 est,
373 1372 404 1442 si
419 1386 463 1442 ut
472 1372 728 1444 convulsionis
736 1372 869 1445 habuit
884 1372 1088 1468 conjuncta

79 1487 238 1577 iudicia,
271 1494 397 1585 neque
421 1487 500 1560 haec
533 1489 688 1586 quidem
720 1506 855 1588 practer
884 1491 1088 1579 rationem,

80 1607 223 1704 quippe
240 1605 296 1676 ab.
307 1631 419 1705 aqua,
437 1608 494 1679 uti
509 1608 680 1696 videtur,
699 1605 980 1695 facta,erosivis'
999 1606 1087 1681 foeta

81 1724 336 1821 corpusculis,
350 1748 433 1821 qum
448 1739 558 1796 antea
577 1750 646 1822 per
662 1749 815 1801 crurum
830 1725 976 1814 ulcera,
988 1741 1031 1798 ut
1048 1729 1087 1798 iu

81 1840 341 1915 consimilibus
349 1842 513 1914 historiis
523 1867 605 1939 quae
622 1867 733 1940 supra
745 1843 973 1914 exValsalvae
984 1843 1090 1915 sche-

82 1959 153 2046 dis,
174 1974 213 2030 et
233 1985 279 2033 ex
298 1960 436 2033 nostris
454 1960 647 2057 productae
659 1975 763 2044 sunt,
780 1959 1024 2048 emanabant3
1038 1963 1090 2037 ita
1173 1994 1179 2004 *

81 2075 125 2147 ab
144 2101 246 2174 aqua
265 2074 360 2147 facta
375 2091 473 2169 esset
490 2102 574 2173 quae
590 2100 669 2147 uon
689 2078 796 2148 aliter
814 2101 857 2147 ac
878 2079 1088 2176 premendo

82 2218 221 2265 nocere
236 2210 378 2291 posset,
388 2220 524 2291 eaque,
534 2210 577 2265 ut
593 2196 662 2267 ista
673 2193 851 2284 sauefuit,
861 2216 941 2267 non
951 2198 1092 2285 multa·²

82 2310 182 2384 haud
203 2312 378 2387 deessent
396 2329 522 2385 tamen
539 2339 608 2412 per
622 2339 705 2410 quae
724 2314 932 2411 intelligere
947 2315 1089 2402 liceret,

83 2429 404 2526 quemadmodum
419 2456 499 2503 non
510 2424 628 2503 multa
637 2456 736 2531 aqua
749 2432 912 2506 multum
927 2435 1089 2530 compri-

83 2570 183 2621 mere
197 2550 391 2645 potuisset.
406 2552 501 2622 Nam
517 2574 602 2647 quae
611 2553 753 2622 caeteris
761 2576 841 2621 non
850 2550 968 2621 multa
982 2566 1088 2637 esset,

83 2665 212 2739 eadem
231 2664 459 2763 quibusdam
478 2667 597 2738 multa
617 2691 697 2739 esse
716 2682 856 2764 potest,
875 2668 941 2754 iis,
957 2667 1088 2739 videli-

84 2798 140 2855 cet
153 2783 296 2881 quibus
311 2785 409 2857 intra
423 2786 622 2858 calvariam
641 2787 803 2882 spatium
817 2786 1013 2882 angustius
1023 2802 1099 2856 aut

84 2916 255 2973 enatura
270 2916 345 2989 est,
363 2917 428 2975 aut
446 2902 493 2973 ab
513 2903 584 2974 alia
598 2903 724 3003 aliqua
743 2903 818 2974 sive
834 2900 1088 3000 praecedente,

84 3018 158 3088 sive
176 3018 379 3096 accedente
397 3040 525 3108 causa,
554 3036 647 3092 tunc
672 3020 853 3092 nimirum
880 3042 967 3090 cum
989 3028 1090 3116 aqua*

84 3131 312 3223 effunditur,
328 3151 394 3207 aut
409 3152 578 3235 augetur.
592 3138 679 3209 Noli
690 3152 839 3234 putare,
848 3138 947 3208 inter
957 3135 1026 3208 has
1039 3135 1088 3205 al·
1132 3152 1136 3159 ’

83 3254 201 3327 terius
215 3255 362 3350 generis
379 3278 509 3327 causas
528 3280 611 3354 quae
628 3253 725 3327 forte
742 3255 970 3344 adveniunt,
986 3280 1009 3325 a
1027 3279 1088 3327 me

84 3369 187 3441 illam
211 3394 283 3468 pro
301 3388 405 3444 certo
426 3374 712 3460 connumerari,
733 3398 816 3471 quae
847 3397 870 3443 a
896 3371 1089 3444 Piccolho·

85 3491 190 3560 mino
206 3487 262 3583 (a)
280 3491 358 3561 siue
375 3491 451 3562 ulla
465 3492 622 3590 ponitur
643 3489 897 3579 dubitatione,
914 3496 952 3561 ia
964 3491 1089 3590 pleni·

84 3604 189 3676 lunio
198 3628 289 3702 prm
303 3608 526 3679 humiditate
538 3614 593 3678 ita
608 3611 797 3680 cerebrum
814 3624 1035 3706 turgescere,
1049 3624 1094 3677 ut

126 3888 171 3966 (1)
192 3872 357 3948 Commere.
374 3892 480 3948 Litter.
494 3913 541 3950 an.
561 3902 654 3966 1741,
668 3895 764 3952 Hebd.
781 3901 832 3966 44,
849 3912 879 3949 n.
898 3913 922 3947 1.

124 3988 173 4064 (2)
191 3993 280 4047 Anat.
298 3996 429 4051 Praelect.
445 3995 466 4049 l.
484 3993 518 4063 5,
533 3997 602 4052 lect.
618 4015 644 4051 1.
