2798 4668
291 442 364 527 614
464 463 510 509 nr
537 459 685 509 sumnus
708 461 752 507 ur
777 457 902 508 cinus
925 456 1135 507 nonnosum

290 589 450 650 suerunt
460 572 759 671 ,hydrocephali
771 597 871 670 aqua
883 573 994 647 estin
1008 574 1239 664 ventriculis,
1250 591 1285 649 ut

292 674 571 787 Vesalius(11)in
585 692 815 789 primistum
826 689 1028 763 deindetot
1037 690 1120 762 alii
1111 715 1287 763 invenero
1368 706 1369 709 ’

293 827 337 887 ut
355 826 447 910 puta
463 808 720 905 Schulzius(2
691 822 740 903 2,)
760 824 798 881 et
811 834 857 881 ex
874 808 1002 897 modo,
1014 822 1079 880 aut
1093 808 1288 906 pauloante

292 928 496 1001 nominatis
514 926 694 1014 Lauhius,
720 925 981 1015 Manchartus,
1000 925 1212 1012 Riedh'nus,
1227 928 1289 998 Lit-

291 1048 388 1135 trius
400 1048 619 1147 praesertim,
633 1046 753 1144 quiin
764 1059 868 1117 tanta
879 1068 985 1142 aquae
999 1045 1108 1143 copia
1123 1070 1291 1142 quaeten-

292 1166 450 1265 trioulos
473 1163 731 1253 distendebat,
754 1162 851 1234 nihil
875 1165 955 1261 ejus
980 1166 1082 1235 inter
1104 1163 1293 1235 calvariam

294 1299 331 1356 et
354 1308 513 1367 crassam
539 1283 745 1380 menigem,
774 1280 872 1352 nihil
891 1282 993 1353 iuter
1015 1281 1116 1353 hunc
1145 1296 1184 1353 et
1208 1303 1296 1350 cere-

293 1401 407 1474 brum
441 1399 704 1498 deprehendit.
737 1399 846 1471 Mitto
875 1398 968 1472 alios
995 1399 1145 1498 plures,
1176 1412 1296 1496 preter

295 1524 536 1591 Brunnerum
553 1533 679 1590 tamen
701 1518 713 1612 (
719 1515 778 1612 3),
797 1531 834 1589 et
851 1518 935 1614 qui,
951 1532 993 1588 ut
1010 1519 1112 1617 ipse,
1130 1533 1295 1589 extenua·

227 1702 230 1709 .
296 1639 442 1709 tionem
455 1635 835 1724 substautiaeeerebri,
844 1636 883 1706 in
895 1634 1165 1732 hujuscemodi
1175 1634 1299 1731 hydro-

296 1754 463 1854 cephalis
480 1755 583 1831 haud
594 1756 644 1829 ita
664 1769 1021 1852 raroconspectum,
1035 1767 1298 1824 memorarunt.

293 1877 425 1971 Neque
439 1874 539 1949 enim
557 1872 636 1945 haec
655 1888 858 1944 eotantum
873 1874 978 1970 attigi
990 1887 1033 1943 ut
1045 1871 1298 1956 ostenderem,

250 2042 255 2049 .
295 1990 466 2087 quamvis
486 1987 690 2085 chirurgus
710 1988 758 2058 sit
787 1987 908 2061 audax
931 1987 1027 2059 adeo
1050 2003 1094 2058 ut
1116 1989 1303 2084 meninges
1371 2044 1372 2049 1

296 2106 359 2177 hic
370 2103 548 2204 perforet,
564 2129 663 2203 saepe
678 2119 804 2176 tamen
819 2119 884 2177 aut
897 2104 993 2176 nihil
1005 2129 1132 2203 aquae,
1150 2122 1216 2177 aut
1232 2129 1300 2175 non

298 2246 378 2293 eam
399 2222 507 2318 cujus
518 2222 642 2317 major
657 2222 766 2320 copia
780 2222 842 2310 sit,
854 2223 930 2295 uisi
940 2222 1144 2295 cerebrum
1160 2244 1305 2321 quoque

297 2336 483 2437 perforet,
503 2363 581 2411 esse
595 2338 845 2427 educturum3
862 2339 928 2412 sed
946 2364 992 2412 eo
1006 2342 1252 2438 potissimum
1262 2354 1304 2410 at·

244 2494 247 2503 «
297 2458 385 2555 tigi,
402 2472 445 2528 ut
473 2457 704 2556 intelligeres
723 2454 830 2529 facile
856 2458 968 2530 etiem
989 2482 1102 2555 posse
1118 2457 1303 2544 accidere,
1372 2550 1373 2553 Ἴ

300 2590 353 2647 ut.
368 2574 461 2645 dum
482 2574 578 2645 nihil
599 2576 671 2646 nisi
697 2598 859 2648 crassum
879 2575 1099 2673 meningem
1120 2573 1306 2673 perforare

301 2716 339 2771 se
355 2691 489 2779 credit,
501 2690 700 2765 cerebrum
715 2692 891 2790 perforet
907 2692 1029 2765 Velim
1045 2695 1164 2791 igitur
1182 2694 1229 2765 ad
1245 2697 1304 2764 Ve-

302 2810 383 2882 salii
401 2808 701 2881 observationem
718 2799 800 2882 illas
815 2835 970 2908 quoque
982 2809 1161 2901 Hildaui,
1180 2826 1218 2883 et
1230 2809 1304 2880 ‘fnl-

300 2929 355 3026 pii
365 2927 941 3026 observatiouesudjungas,quae
954 2927 1305 3001 ameibisuntoom

301 3060 538 3133 memoratae3
556 3043 622 3115 uhi
639 3045 789 3117 ostendi
809 3045 865 3141 (4)
877 3047 915 3115 vi
927 3070 1112 3143 aqrrarnm
1126 3049 1305 3120 ventricu-

301 3162 361 3237 los
385 3159 703 3250 distendentium,
736 3162 877 3234 horum
906 3163 1068 3260 parietes
1100 3167 1307 3264 superiores

302 3281 527 3398 praesertim,
545 3294 583 3351 et
598 3279 769 3353 laterales
786 3305 907 3378 usque
927 3280 1023 3352 adeo
1041 3282 1236 3353 interdum
1255 3302 1305 3351 er·

302 3393 469 3484 tenuari,
496 3412 534 3467 et
556 3421 641 3467 cum
665 3397 907 3498 meningihus
923 3399 970 3469 ad
988 3401 1107 3470 cranii
1123 3424 1228 3489 ossa,
1250 3410 1303 3469 aut

343 3723 389 3800 (r)
410 3720 566 3798 Sepulchr
581 3723 726 3783 secuerit
741 3724 807 3780 obn.
822 3723 852 3779 6.

344 3822 388 3900 (α)
408 3824 498 3898 Apud
511 3826 574 3879 Lau
577 3823 665 3879 fer
657 3844 689 3878 rn
703 3822 781 3879 Diss
799 3823 847 3879 cit.
862 3823 943 3947 §ui
1012 3860 1017 3867 -

344 3922 389 4000 (3)

379 4024 390 4100 )

411 3926 487 3980 Sect.
503 3923 552 3979 cit.
570 3923 602 3978 in
616 3923 719 3981 Addit
734 3924 801 3983 ohe.
818 3942 864 3979 12

346 4022 377 4098 (4
412 4020 510 4096 Supra
524 4022 649 4087 admtl.
836 4032 838 4038 “
