2774 4670
189 431 257 475 rm.
286 431 309 475 1.
339 430 386 474 nr
412 426 869 491 uuanrscarrrrs,nr1sr.
897 430 945 474 rx.
1008 412 1077 504 497

75 530 195 639 nitigis
202 547 422 641 portionem
444 541 560 612 calvae
580 541 845 613 adhaerentem.
873 547 918 612 Iu
937 552 1078 642 propo·
1123 585 1127 602 x

76 662 145 732 sita
164 661 265 749 enim
282 673 303 729 a
322 653 382 731 me
401 656 557 731 historia
575 672 773 756 utramque
794 658 911 731 habes
929 684 1080 733 causam

77 792 113 847 et
124 777 270 848 cerebri
280 776 512 863 abscessum,
527 790 565 846 et
576 777 778 874 meningis,
792 801 945 873 parvam
960 803 1082 875 quan-

76 896 234 982 tumvis,
251 894 448 990 utriusque
463 908 608 982 tamen,
626 880 910 991 corruptionem
925 896 1082 994 aperfo-

77 1026 185 1082 rante
205 1012 367 1108 pessimo
380 1009 541 1105 humore
555 1009 759 1083 inductam.
779 1015 825 1082 At
848 1013 948 1084 enim
971 1015 1085 1084 Willi-

77 1129 173 1216 siuS,
189 1127 355 1223 inquies,
374 1126 472 1197 hauc
491 1152 640 1199 causam
652 1128 814 1199 alteram
828 1154 907 1200 non
926 1132 1083 1228 accipit,

78 1245 222 1342 quippe
246 1245 330 1342 qui,
354 1258 396 1313 ut
414 1245 453 1312 in
470 1242 717 1340 Sepulchreto
738 1271 892 1343 quoque
912 1245 965 1342 (a)
982 1247 1096 1347 lege-

79 1365 142 1449 ris,
152 1386 277 1458 neque
291 1386 337 1431 ex
350 1360 575 1433 abscessum
589 1386 711 1433 crassa
720 1364 897 1461 menin'ge
910 1367 1084 1453 *excitata

79 1503 205 1576 neque
226 1504 271 1549 ex
286 1503 380 1576 pure
398 1478 487 1549 inde
506 1477 741 1552 foetidissimo
758 1481 911 1553 alteram
929 1508 1085 1581 quoque

81 1597 298 1695 meningem
317 1596 514 1683 exedente,
533 1618 655 1693 neque
673 1621 717 1667 ex
735 1622 870 1694 magna
885 1598 1001 1689 illius,
1018 1625 1097 1698 per.
1135 1686 1138 1691 .

79 1712 304 1785 terebellum
314 1714 479 1812 imperiti
493 1712 677 1811 chirurgi,
697 1713 965 1787 dilaceratione
977 1718 1087 1815 quid-

81 1852 197 1928 quam
215 1831 350 1903 viderit
368 1831 558 1928 epileptici
571 1830 760 1907 accidisse.
777 1836 854 1930 Ego
867 1856 977 1922 vero,
994 1859 1088 1932 prae·
1136 1870 1144 1887 x

82 1963 138 2021 ter
156 1948 254 2038 haec,
268 1948 515 2046 Ridleyanum
527 1948 623 2019 illud
640 1949 696 2046 (a)
710 1950 864 2021 minime
874 1953 1012 2048 ignoro
1026 1977 1088 2025 ex·

83 2067 336 2163 perimentum
346 2119 355 2152 ,
365 2066 405 2134 in
416 2090 507 2136 cane
519 2065 688 2143 habitum
700 2068 822 2163 quiex
834 2066 1088 2167 perforatione
1159 2160 1163 2165 <

85 2184 187 2259 durae
202 2185 406 2281 meningis,
422 2182 669 2256 convulsionis
687 2186 841 2280 cujusvis
857 2211 990 2283 expers
994 2187 1086 2277 suit.

84 2278 187 2373 Niliil
212 2302 351 2373 horum
376 2326 514 2399 negare
540 2304 670 2374 ausim.
699 2303 935 2376 Discriminis
963 2307 1090 2401 potius
1177 2303 1179 2307 ’

86 2443 235 2493 causam
253 2414 417 2517 quaeram
427 2421 527 2491 inter
543 2419 638 2507 haec,
652 2436 690 2490 et
710 2421 916 2509 contrarias
926 2422 1088 2495 aliorum

85 2530 381 2621 observationes,
401 2539 666 2634 eontrariaque
686 2538 951 2633 experimenta.
966 2542 1089 2635 Atque

85 2668 126 2723 ut
144 2654 193 2727 de
213 2655 339 2725 multis
358 2653 405 2727 ad
416 2677 536 2752 pauca
550 2675 762 2726 sermonem
778 2653 1091 2744 contrahamyle-

86 2771 169 2868 gisti
185 2786 285 2843 certe
301 2773 341 2842 in
362 2772 518 2845 historia
536 2773 658 2869 Regiae
680 2773 927 2843 Scieutiarum
951 2773 1090 2849 Acade-

87 2889 167 2958 miae
183 2888 400 2960 Parisiensis
425 2888 479 2986 (3)
501 2887 777 2986 deprehensam
796 2890 836 2958 in
852 2889 1090 2962 adolescente

88 3028 234 3077 eausam
252 3005 457 3093 diuturnae,
478 3021 514 3077 et
538 3030 739 3104 progressu
765 3009 965 3104 temporis,
992 3010 1029 3077 vi
1054 3024 1091 3080 et

88 3125 346 3195 accessionum
360 3104 739 3195 numero'crescentis
754 3125 959 3222 epilepsiae,
978 3104 1092 3195 mini-

88 3262 146 3309 ma
171 3240 345 3312 videlicet
371 3242 548 3326 ossicula,
574 3256 655 3338 quae
678 3231 798 3313 basim
819 3245 859 3312 iu
883 3266 1004 3314 crassa
1026 3243 1091 3315 ha-

87 3353 265 3446 habenta
284 3360 516 3431 acutissimos
554 3373 680 3430 autem
713 3354 836 3457 apices
872 3361 924 3431 sic
957 3377 1092 3432 contra

87 3486 239 3549 tenuem
253 3478 472 3574 meningem
489 3500 709 3563 conversos,
722 3493 765 3549 ut
780 3477 878 3549 hanc
893 3502 973 3550 non
987 3502 1090 3548 com·
1159 3460 1164 3471 ⁴

126 3772 154 3850 (1
191 3777 270 3833 Seet.
287 3773 342 3835 hae
357 3797 392 3833 ra
401 3788 415 3847 ‚⁴
428 3776 459 3832 in
471 3771 571 3832 Schol.
586 3775 624 3833 ad
636 3776 699 3832 obs.
716 3795 742 3830 1.

127 3870 139 3947 l

127 3892 157 4046 (ἓ

158 3774 170 3960 l
191 3879 258 3963 Ac}-
276 3878 368 3934 Erud.
381 3877 462 3953 Lips.
478 3860 609 3948 MsMaj.

159 3970 171 4048 )
191 3977 240 4031 Au
254 3977 428 4048 1711,0bs.
439 3979 528 4031 Anat.
542 3974 571 4031 6.
697 3974 700 3979 ’

166 4095 179 4141 l
