2862 4668
299 445 342 517 16
600 454 836 510 u'rsrorma
872 462 992 511 νινε

295 577 333 635 et
348 557 468 658 qualis
488 556 663 628 homines
679 553 813 628 doctos
830 554 956 646 decet,
974 558 1092 655 magis
1101 556 1297 655 magisque

280 670 1299 770 ·Sammoniensillustratur.Eodemferetemporededit

294 799 551 879 Moncaonus,
568 789 690 865 tribus
705 789 966 887 superioribus
983 791 1024 861 in
1040 789 1189 862 Celsum
1207 791 1299 888 epis·

294 913 403 1000 tolis,
420 911 588 1007 quinque
611 907 700 979 alias
722 906 896 995 comites,
913 921 957 978 ut
975 922 1072 978 esset
1098 905 1222 995 unde,
1250 905 1300 977 ad

293 1030 359 1101 illa
375 1050 455 1125 quae
469 1039 663 1095 notaverat
680 1021 726 1096 de
737 1022 812 1097 hoc
830 1037 982 1095 auctore
1001 1020 1170 1118 ejusdem
1183 1024 1300 1120 scrip

292 1147 342 1218 tis
357 1199 366 1231 ,
393 1140 634 1214 corollarium
648 1138 852 1213 adderetur
863 1155 899 1212 et
911 1139 1012 1211 uude
1022 1139 1189 1237 plurima
1200 1138 1301 1212 Celsi

292 1260 453 1338 studiosi
479 1283 628 1330 sumere
655 1273 831 1357 possent,
849 1257 989 1356 quibus
1014 1256 1222 1357 depravata
1249 1255 1297 1350 ab

290 1378 575 1454 'Almeloveenio
590 1390 627 1447 et
641 1374 826 1447 Lindeuio
846 1374 1103 1472 corrigerent,
1120 1390 1158 1456 et
1175 1400 1197 1445 a
1213 1375 1301 1472 qui-

293 1495 369 1575 hus
378 1496 495 1592 magis
505 1493 552 1565 ad
566 1494 822 1590 cognitionem
832 1491 1193 1591 intelligentiamque
1203 1492 1301 1587 ejus·

297 1612 383 1685 dem
405 1611 598 1709 scriptoris
614 1609 854 1682 ducerentur.
874 1615 947 1683 Has
967 1609 1099 1681 decem
1116 1608 1302 1708 Epistolas

296 1726 446 1826 scripsit
466 1731 703 1799 Moucrcnus
720 1727 766 1798 ad
786 1733 969 1799 loannem
992 1728 1193 1826 Baptistam
1207 1726 1303 1799 Vul-
1362 1766 1370 1787 ι

296 1848 429 1946 pium,
455 1844 640 1916 dedicavit
662 1870 753 1939 vero
776 1846 980 1919 laurentio
1002 1847 1192 1935 Heistem,
1213 1868 1302 1916 cum

296 1964 397 2036 inter
427 1987 466 2035 se
494 1977 531 2034 et
560 1963 664 2034 hunc
690 1962 842 2053 virum,
868 1977 1026 2060 propter
1054 1960 1301 2033 excellentem

297 2082 495 2178 utriusque
513 2081 553 2151 in
570 2095 743 2152 anatome
760 2080 1131 2178 doctrinam,magua
1144 2076 1302 2151 interce·

300 2198 406 2272 deret
424 2199 586 2275 amicitia
606 2191 784 2295 epistolis.

348 2315 466 2417 Annis
493 2338 580 2411 1721
606 2329 644 2385 et
673 2315 786 2412 1723,
805 2340 920 2387 unam
939 2315 1144 2415 Epistolam
1169 2315 1217 2391 ad
1240 2320 1301 2387 Ja-

216 2496 220 2501 .
300 2430 439 2506 cobum
448 2430 716 2520 Faceiolatum,
731 2446 807 2509 tres
828 2432 917 2504 alias
933 2431 980 2503 ad
1001 2434 1302 2507 amantissimum

300 2534 672 2645 eruditissimumque
690 2549 730 2618 in
748 2549 898 2646 primis,
917 2550 1017 2620 inter
1033 2563 1090 2621 tot
1106 2548 1199 2620 alios
1222 2548 1300 2623 dis-

300 2665 445 2764 cipulos
462 2688 570 2753 suos,
588 2665 728 2736 lulium
749 2661 998 2736 Pontederam
1023 2665 1194 2763 scripsit3
1216 2668 1301 2766 qui.-

297 2781 370 2855 bus
388 2796 549 2880 quatuor
565 2780 732 2878 epistolis
746 2772 882 2853 ¹vitiosa
901 2782 1040 2870 multa,
1057 2807 1140 2881 quae
1162 2786 1303 2857 suntin

196 2897 197 2900 '
296 2900 354 2973 rei
370 2899 516 2970 rusticae
531 2898 654 2969 latinis
676 2888 917 2987 auctoribus,
941 2922 983 2971 ac
1005 2902 1212 2997 praesertim
1227 2905 1302 2974 Co-

297 3013 452 3086 lumella
475 3029 512 3084 et
524 3017 680 3112 Vegetio
707 3013 936 3104 emenda-vit,
952 3032 990 3088 et
1010 3004 1093 3088 loca
1117 3019 1304 3111 nonnulla

300 3131 462 3203 obscura
480 3120 585 3200 bono
602 3132 641 3200 in
658 3133 800 3204 lumine
818 3132 1035 3223 collocavit,
1053 3136 1229 3209 omnibus
1243 3162 1302 3211 os-

297 3245 459 3320 tendens
478 3262 617 3345 quanta
634 3246 801 3329 afflueret
821 3249 1042 3322 eruditionis
1056 3255 1164 3350 copia
1177 3280 1301 3351 quau·

298 3379 458 3462 tumque
486 3365 526 3435 in
558 3390 604 3436 eo
637 3383 734 3440 esset
755 3369 897 3466 ingenii
926 3393 1154 3469 acumen'ac
1177 3370 1301 3445 latinae
1374 3376 1378 3383 ’

295 3480 435 3579 linguae
455 3483 625 3573 scientia,
648 3509 692 3555 ex
720 3510 795 3582 quo
814 3483 952 3557 factum
972 3502 1086 3559 estut
1111 3488 1192 3583 ejus
1215 3512 1301 3561 sen-

296 3599 416 3669 tentia
442 3623 539 3698 saepe
560 3594 819 3698 exquireretur
847 3603 886 3673 in
912 3602 986 3675 hoc
1010 3629 1135 3674 rerum
1163 3630 1301 3702 genere

299 3713 347 3785 ab
365 3715 520 3789 eruditis
536 3717 686 3807 amicis,
710 3717 849 3816 quibus
874 3718 937 3791 ille
955 3717 1060 3791 facile
1074 3736 1226 3819 poterat
1244 3748 1302 3796 sa-

300 3830 486 3922 tisfacere,
501 3837 707 3933 praesertim
725 3861 810 3908 curn
823 3854 1035 3932 recurreret
1051 3838 1098 3909 ad
1108 3840 1303 3938 Capitolas

301 3974 387 4026 suas
397 3978 407 4041 3
419 3954 471 4024 sic
488 3954 589 4025 enim
602 3954 662 4026 vir
674 3955 974 4034 modestissimus
991 3952 1205 4057 appellabat
1217 3959 1302 4033 the·
