2798 4668
220 436 289 530 rin
311 485 339 550 ¹1.
369 482 578 531 remensis
603 482 762 547 cirrrrs,
788 480 900 532 rmsr.
926 482 991 532 xri.
1044 461 1116 561 619

107 597 193 683 lotii
207 581 352 695 pueris,
372 597 511 669 vulnus
527 597 659 694 capitis
670 614 879 669 consecuta.
900 598 969 669 Sed
985 601 1024 669 in
1043 601 1121 698 pri-

107 738 200 801 mo,
220 715 374 784 triennii
391 715 552 811 spatium
571 716 669 784 inter
685 712 824 784 vulnus
840 730 877 786 et
896 717 1122 788 observatio·

108 831 600 926 nemiueratinterjectum3
620 833 658 901 in
670 832 932 918 altero‚totum
944 835 1121 933 absump·
1203 885 1205 891 r

110 965 198 1022 tum
218 975 298 1021 non
315 965 394 1021 eret
413 949 634 1037 cerebrum
655 952 692 1018 in
713 964 877 1046 utroque
891 951 1121 1022 cerebellum

112 1067 292 1157 fortasse,
315 1084 352 1140 et
374 1092 461 1166 pers
480 1068 654 1140 medullae
680 1067 890 1165 oblongatae
914 1070 1038 1165 potuit
1062 1090 1124 1139 su·

112 1201 264 1284 perstes
281 1210 381 1263 esse:
401 1210 472 1258 nec
492 1186 639 1257 cerebri
658 1187 878 1283 colliquetio
897 1187 937 1256 in
958 1186 1125 1257 secundo

113 1303 208 1392 fuit3
228 1303 693 1399 sedejuss11bstantiae,ad
712 1306 819 1375 nucis
837 1305 1014 1402 myrtiticre
1023 1324 1126 1400 mag-

112 1408 332 1495 nitudinem
347 1425 386 1493 in
402 1446 642 1519 quacumque
661 1422 913 1493 medicatione
926 1434 1126 1519 estimpen-

114 1542 184 1627 tis‚
202 1535 362 1613 amissio.
382 1543 555 1630 litemus,
572 1543 716 1638 inquis,
731 1533 876 1611 nullum
889 1542 926 1610 in
942 1541 1129 1637 quinque-

116 1649 251 1733 meses
280 1658 518 1757 Kereliringii
552 1684 676 1756 puero
710 1672 947 1756 praecesserat
974 1658 1130 1745 vulnus,
1205 1694 1207 1705 ι

117 1777 273 1851 nullum
293 1778 333 1847 in
356 1776 487 1875 bienni
504 1777 679 1846 Tombini
698 1777 774 1874 (r),
794 1777 941 1847 nullum
965 1778 1004 1845 iu
1030 1779 1131 1847 Neu-
1212 1802 1219 1812 ·

116 1895 231 1966 holdi
245 1894 299 1992 (2)
311 1895 437 1992 puella
455 1897 643 1983 novenum
661 1911 698 1966 et
714 1911 840 1966 tamen
856 1897 895 1965 in
911 1892 1133 1966 hecmedul·

120 2015 215 2085 laris
235 2013 380 2085 cerebri
402 2013 608 2084 substantia
635 2028 719 2082 totu
741 2014 848 2084 uelut
870 2019 907 2082 in
927 2012 1133 2110 gelatinam
1186 2047 1190 2053 ·

122 2136 399 2203 tenacissimam
410 2184 420 2215 ,
433 2132 472 2201 in
491 2130 659 2224 secundo
677 2146 824 2219 autem,
843 2145 886 2203 ut
901 2128 1082 2219 diximus,
1096 2136 1136 2199 in

121 2274 269 2345 aquam
297 2273 489 2336 conuersa,
507 2251 547 2319 iu
576 2251 699 2346 primo
731 2265 853 2321 totum
873 2249 1072 2322 cerebrum
1096 2250 1136 2319 in'

122 2392 265 2463 aquam
280 2381 475 2437 mutatum.
488 2367 583 2436 Mihi
597 2392 690 2437 vero
698 2367 777 2437 haec
788 2369 869 2465 ipsa
882 2367 1136 2438 mutationum

124 2485 243 2558 series
266 2484 414 2556 ridetur
437 2484 636 2557 ostendere
658 2500 762 2555 tanto
781 2482 971 2556 difficilius
990 2485 1138 2555 eontin-

125 2626 217 2700 gere
238 2601 384 2673 cerebri
411 2601 718 2693 dissolutionem,
746 2617 890 2699 quanto
916 2601 1067 2698 longius
1090 2602 1137 2673 ab

126 2734 218 2791 ortu
235 2719 449 2805 receditur,
470 2734 513 2790 ut
531 2718 678 2791 cerebri
692 2718 899 2793 substantia
918 2718 1064 2790 firmior
1081 2720 1136 2790 sit.

126 2836 242 2928 Quod
258 2839 287 2909 si
304 2839 344 2907 in
356 2839 439 2907 viro
456 2854 581 2909 tamen
601 2838 667 2908 illo
682 2839 843 2910 Garueri
855 2853 1005 2937 peracta
1016 2851 1071 2908 est
1082 2862 1092 2925 3
1103 2852 1140 2908 at
1178 2899 1191 2916 ,

126 2971 288 3054 quanta,
304 2969 340 3026 et
359 2981 473 3052 qnam
496 2955 676 3026 diuturne
694 2957 913 3052 pertulerit,
929 2954 1057 3025 videre
1072 2976 1141 3052 po·
1173 2930 1242 3051 b„

128 3088 199 3145 tes.
216 3077 261 3142 Iu
283 3098 405 3170 eoque
423 3074 505 3170 ipso
520 3088 562 3144 ut
580 3074 768 3172 singulare
788 3073 827 3143 id
845 3071 976 3159 luerit,
994 3069 1082 3141 inde
1101 3071 1142 3140 li·

133 3205 194 3263 cet
211 3191 389 3288 intelligi,
409 3190 513 3288 quod
528 3216 607 3261 non
619 3189 726 3263 facile
738 3193 784 3263 sit
792 3191 1002 3263 alterumiu
1011 3187 1145 3260 adulte

133 3308 411 3405 ejusdemmodi
435 3310 650 3409 exemplum
667 3309 770 3408 apud
785 3309 968 3407 probatos
987 3310 1145 3407 scripto·

134 3452 196 3498 res
215 3428 395 3499 invenire.
422 3428 523 3517 Quin
547 3428 708 3514 mulierr
729 3428 872 3525 deque
894 3426 1145 3499 Reltselimie·

136 3545 222 3617 dius
232 3543 307 3641 (3),
321 3547 390 3616 etsi
404 3547 644 3619 atrocissimis
655 3547 790 3644 cupitis
796 3546 995 3618 doloribus
1004 3600 1014 3634 ‚
1024 3545 1146 3642 iisque

179 3845 222 3921 (ι)
244 3846 339 3919 Supra
355 3847 393 3902 ad
408 3867 438 3900 n.
458 3848 502 3902 13,
594 3915 599 3924 Ι

179 3945 224 4020 (2)
245 3946 410 4002 Commerc.
429 3946 532 4033 Litter.
546 3948 607 4002 vol.
624 3967 653 4017 1,
666 3947 788 4023 specim.
804 3962 851 4002 υ.

181 4044 225 4120 (3)
245 4047 333 4121 Prog.
348 4047 397 4103 eit.
415 4065 504 4122 supra
517 4047 557 4103 ad
571 4064 602 4105 m
619 4048 667 4104 13,
