2862 4668
280 513 333 558 ET
367 500 548 558 OPERUM
581 507 607 556 J·
644 509 674 556 B·
711 507 954 558 Monetam.
1079 513 1116 560 11

118 622 332 698 obliterarit
351 603 569 696 inssdendis
588 620 835 711 Adversariis,
859 640 896 695 et
921 649 1004 723 quae
1030 641 1121 699 nota

118 756 225 815 erant
233 741 351 842 digna
366 741 494 813 mitius
505 743 686 832 correxit3
706 742 758 814 sic
769 741 912 814 bellum
930 744 1121 831 acerbum,

118 858 224 958 quod
238 861 339 932 inter
350 860 598 959 Morgagnum
609 913 620 949 ,
633 858 839 931 Bianchum
856 874 891 933 et
904 864 1121 960 Mangetum

81 1070 83 1075 Δ
116 991 295 1049 exortum
311 973 457 1067 fuerat,
474 976 641 1050 sedatum
659 1001 739 1050 esse
753 976 960 1048 videbatur.
983 982 1029 1050 At
1043 1004 1122 1049 non

118 1093 264 1166 multos
277 1110 365 1192 post
376 1118 497 1168 annos
515 1093 701 1167 Bianchus
716 1095 854 1168 iterum
873 1098 1123 1193 Morgagnum

116 1208 164 1281 ad
181 1234 290 1309 arma
309 1213 517 1311 compulit:
535 1238 622 1285 nam
644 1238 730 1285 cum
747 1214 883 1284 iterum
903 1214 1002 1310 typis
1020 1238 1124 1283 cour-

118 1329 289 1401 mitteret
304 1329 444 1402 librum
458 1356 480 1403 a
496 1332 805 1430 seconscriptum
820 1331 867 1403 de
884 1331 1043 1402 historia
1059 1331 1127 1401 he-

112 1451 267 1542 patica,
289 1446 329 1518 in
342 1447 418 1519 hoc
432 1472 512 1520 non
527 1450 651 1521 solum
669 1466 814 1521 veteres
830 1447 1018 1519 refricavit
1032 1471 1124 1517 con·
1214 1438 1221 1451 ‘

118 1565 344 1653 troversiaS,
359 1563 427 1636 sed
443 1588 561 1659 novas
580 1569 691 1639 etiam
712 1566 957 1638 exsuscitavit.
973 1566 1059 1635 Non
1070 1563 1126 1647 vi-

120 1676 215 1751 dens
249 1679 322 1756 hac
349 1702 390 1752 re
416 1683 627 1780 plurimum
655 1683 788 1754 violari
811 1682 1124 1755 existimationem
1198 1748 1201 1753 .

122 1821 249 1889 suam3
271 1822 360 1872 nam
376 1797 493 1871 fidem
503 1802 674 1875 Lancisio
692 1798 863 1889 dederat,
883 1798 980 1872 nihil
997 1823 1034 1872 se
1054 1823 1126 1870 un·

122 1940 239 2013 quam
265 1901 557 1992 commissurum
580 1917 684 2018 quod
702 1917 923 1991 hominibus
943 1917 1127 2016 suspicio·

122 2058 211 2106 nem
229 2033 325 2108 ficte
338 2037 585 2139 reconciliatae
599 2038 723 2138 gratia
739 2059 892 2109 movere
906 2046 1046 2134 posset,
1057 2057 1128 2106 nec

121 2152 241 2225 modo
261 2153 369 2226 infidi
393 2156 460 2228 sed
484 2157 596 2228 etiam
623 2155 760 2252 ingrati
784 2154 901 2224 animi
918 2152 1128 2225 accusatio-

122 2290 212 2341 nem
229 2273 362 2342 timere
375 2268 753 2360 debebatBianchus,
771 2294 858 2341 cum
874 2284 970 2343 esset
981 2272 1127 2367 Morga-

122 2412 198 2487 gno
219 2391 363 2461 recenti
382 2385 792 2460 beneficioohstrictus.
804 2388 1049 2486 Quapropter
1061 2385 1129 2454 mi·

121 2510 226 2579 nime
245 2505 475 2605 reprehendi
494 2504 607 2577 dehet
616 2508 864 2603 Morgagnus,
878 2504 909 2576 si
920 2502 1013 2601 quid
1026 2502 1128 2575 abeo

122 2625 240 2724 paulo
260 2625 425 2696 severius
441 2621 671 2693 vindicatum
693 2633 764 2707 est,
781 2644 869 2691 cum
890 2620 938 2691 de
959 2620 1031 2690 hac
1051 2620 1129 2691 ins·

122 2758 269 2816 taurata
278 2740 534 2814 controversia
547 2739 654 2810 binas
664 2760 751 2809 sane
762 2736 894 2835 longas
903 2735 951 2807 ad
965 2738 1128 2808 amicum

124 2862 338 2961 scripsisset
354 2856 551 2957 epistolas,
578 2880 661 2953 quae
685 2852 817 2952 Leydae
846 2853 945 2951 typis
971 2851 1127 2924 manda-

124 2978 376 3050 banturanuo
391 2973 499 3072 1718,
513 2987 667 3046 curante
681 2970 885 3042 immortali
896 2968 1128 3042 Boerhaavio

124 3120 233 3194 aequo
259 3095 457 3193 Morgagni
482 3091 729 3179 admiratore,
747 3104 786 3161 et
811 3087 858 3161 de
885 3086 1021 3186 quibus
1040 3110 1130 3160 vere
1248 3165 1256 3175 ,

127 3214 272 3285 dictum
288 3210 378 3299 fuit,
394 3209 502 3283 'nihil
511 3206 739 3297 defendere,
759 3205 863 3305 quod
882 3231 962 3278 non
975 3203 1130 3278 eviden-

124 3324 188 3403 ter
206 3330 392 3430 probent,
417 3328 513 3401 nihil
539 3323 760 3427 oppugnare
785 3320 891 3423 quod
913 3342 992 3394 non
1016 3321 1129 3423 plane

127 3463 307 3522 evertant.
341 3445 512 3519 Profecto
548 3466 684 3544 magna
717 3441 893 3518 habenda
921 3455 978 3514 est
1014 3439 1130 3539 gratia

127 3567 293 3639 Biancho
313 3581 350 3637 et
366 3570 544 3664 Mangeto
559 3562 663 3662 quod
674 3561 741 3634 has
754 3558 952 3660 epistolas,
969 3581 1129 3657 quaeque

128 3688 178 3758 eis
196 3686 300 3758 socia
318 3683 450 3757 damus
467 3682 686 3757 adversaria
701 3678 931 3766 anatomica,
947 3680 1129 3774 aMorga-

127 3828 200 3902 gno
229 3802 477 3892 extorserint,
497 3803 537 3872 in
564 3799 705 3900 quibus
731 3813 833 3870 tanta
856 3795 1049 3883 doctrina,
1074 3807 1132 3865 tot

128 3924 301 4013 inventa,
317 3937 423 3995 tanta
439 3923 479 3992 in
500 3920 605 3992 omni
617 3944 659 3989 rc
673 3917 883 3989 anatomici
899 3911 1060 3985 eruditio
1068 3934 1131 4008 ap·

126 4058 230 4140 paret
245 4056 289 4115 ut
304 4038 467 4114 idoneus
484 4052 585 4112 certe
598 4035 736 4134 judex,
753 4032 929 4109 ilbertus
940 4028 1130 4114 Hallerus,
