2774 4666
309 440 374 520 192
471 447 518 493 DE
544 444 690 492 sumnus
715 446 759 491 ΕΤ
784 443 908 491 CAUSIS
934 440 1145 493 MORBORUM

306 560 409 657 quit,
420 556 598 657 paralysi
614 556 757 644 cordis,
780 558 811 629 si
823 557 1039 656 apoplexias
1051 559 1202 632 vocabis
1219 584 1303 632 ace·

307 676 476 765 rebello;
493 701 554 747 me
575 675 728 772 quidem
750 675 903 773 judice,
922 702 1001 747 non
1017 677 1126 748 valde
1146 676 1299 749 errabis:

307 795 413 893 quod
440 795 541 865 enim
568 796 607 863 in
636 795 784 891 reliquo
811 819 973 893 corpore
1004 796 1199 893 apoplexia
1226 794 1302 866 facit
1371 810 1372 889 j

259 982 264 991 ,
307 938 424 1010 quaea
441 911 598 983 cerebro
619 927 695 999 est,
714 911 754 980 id
772 912 812 980 in
831 911 946 983 corde
959 909 1140 1009 facitquae
1157 928 1304 985 estare·
1372 976 1373 1009 3

308 1029 477 1117 rebetto,
510 1027 716 1124 utrobique
753 1043 875 1099 autem
911 1055 995 1126 qnae
1030 1031 1211 1127 utrinque
1240 1044 1302 1118 est,

307 1147 456 1244 qualem
486 1147 594 1217 istam
624 1142 754 1235 fuisse,
782 1168 944 1235 censeo,
974 1146 1127 1245 quando
1159 1144 1301 1219 'causam
1371 1196 1372 1221 ;

205 1358 207 1363 Δ
308 1279 514 1361 utrumque
532 1263 684 1333 illorum
703 1264 1019 1360 comprimentem
1040 1266 1226 1360 spectavi,
1243 1288 1303 1334 nec

306 1381 383 1452 ulla
402 1380 644 1452 incommoda
667 1381 897 1480 praecessisse
918 1380 1045 1451 inveni
1072 1406 1117 1451 ex
1137 1381 1301 1479 illisque

216 1484 218 1487 ⁵
306 1523 499 1598 syncopen
517 1524 599 1596 quae
616 1498 663 1569 ab
681 1499 765 1596 ipso
782 1497 897 1571 corde
909 1490 1001 1586 ,aut
1013 1499 1198 1596 proximis
1218 1500 1302 1570 vasis

308 1634 385 1706 est,
404 1619 526 1689 solent
539 1615 773 1688 antecedere.

358 1736 415 1806 28.
431 1736 543 1826 Quod
561 1737 590 1807 si
608 1733 704 1807 forte
719 1736 810 1823 aias,
829 1735 933 1806 nulla
956 1756 1112 1832 quoque
1135 1759 1182 1806 ex
1198 1736 1244 1805 iis
1260 1736 1304 1803 in·

307 1852 517 1924 commodis
544 1852 720 1924 adnotata
748 1876 830 1924 esse
860 1878 942 1949 quae
971 1875 1067 1951 saepe
1093 1850 1302 1949 praecedunt

307 1970 568 2067 apoplexiam,
575 1946 775 2068 'equidem
807 1966 976 2041 fatebor:
1000 1968 1066 2041 sed
1083 1969 1205 2040 simul
1225 1992 1302 2039 eon·

307 2087 479 2176 tendam,
494 2086 587 2157 id
542 2112 671 2158 minus
676 2087 825 2159 obstare
842 2086 957 2174 mibi,
971 2112 1057 2159 non
1073 2085 1120 2157 ab
1132 2089 1302 2184 organico
1373 2082 1375 2139 3

308 2203 475 2292 cerebri,
490 2221 554 2275 aut
571 2205 747 2276 cerebelli
763 2207 855 2275 vitio
875 2204 974 2275 hanc
996 2203 1233 2309 apoplexiam
1252 2226 1302 2275 re·
1372 2160 1375 2291 l

304 2323 477 2418 petenti,
508 2320 574 2393 sed
604 2321 652 2392 ad
667 2337 899 2419 congestum
922 2322 1265 2420 constipatumque'
1271 2322 1303 2390 in
1373 2356 1374 2361 1

303 2440 398 2509 vasis
418 2440 615 2536 utriusque
633 2442 853 2536 sanguinem
874 2437 1065 2511 referenti.
1078 2422 1210 2511 ,Homo
1228 2463 1302 2511 san·

249 2628 251 2639 ,
304 2550 418 2655 'guine
428 2556 667 2644 abundabat,
687 2557 792 2653 quod
807 2556 959 2628 habitus
976 2557 1167 2654 corporis,
1184 2572 1225 2629 et
1236 2556 1302 2654 ple·

304 2677 422 2747 nioris
439 2675 560 2747 victus
580 2664 817 2745 consuetudo
838 2674 925 2745 satis
938 2673 1154 2766 ostendunt.
1176 2678 1301 2745 Coena·
1371 2722 1372 2729 1

304 2807 363 2864 tus
379 2792 635 2890 plene,·citius
650 2816 762 2888 quam
781 2789 946 2878 solebat,
964 2789 1175 2878 decumbit,
1196 2791 1236 2862 id
1255 2802 1301 2861 est
1371 2884 1372 2889 ἵ

304 2925 409 2982 tanto
438 2910 620 3006 graviore·
639 2909 851 2979 ventriculo
883 2908 1100 3005 comprimit
1134 2910 1299 2980 arteriam
1371 2902 1372 2983 Ϊ

304 3052 498 3125 magnam,
519 3028 741 3123 sanguinem
760 3027 807 3098 ad
826 3023 1005 3097 inferiora
1026 3025 1251 3115 ducentem,
1268 3038 1302 3095 ut
1371 3062 1372 3081 2

242 3213 244 3218 ,
304 3146 425 3240 major
452 3145 532 3239 ejus
555 3145 663 3241 copia
688 3159 790 3242 petat
817 3146 1036 3242 superiora,
1057 3168 1181 3241 eoque
1200 3145 1301 3216 etiam
1371 3214 1372 3217 ,

305 3262 446 3357 major,
466 3260 571 3358 quod
590 3263 688 3359 ipse,
714 3262 754 3330 in
780 3260 983 3349 decubitu,
1014 3263 1186 3359 corporis
1219 3263 1300 3333 situs

304 3394 448 3479 quanto
473 3393 528 3449 est
557 3379 812 3476 opportunior
840 3377 1013 3448 ascensui
1041 3380 1233 3477 sanguinis
1262 3374 1301 3448 ad

205 3518 207 3525 ‘
304 3497 517 3595 superiora,
538 3510 642 3567 tanto
661 3512 717 3567 est
743 3478 1025 3567 incommodior
1046 3499 1234 3594 regressui
1260 3494 1300 3565 ad

240 3696 244 3707 „
303 3613 505 3705 inferiora,
525 3615 640 3687 veluti
668 3614 779 3684 etiam
808 3628 916 3685 antea
942 3612 997 3711 (t)
1020 3613 1300 3712 comprobatum
1372 3666 1373 3711 3

341 3974 385 4052 (1)
406 3976 444 4031 n.
462 3974 508 4031 13.
