2784 4668
190 423 262 470 mn.
289 422 317 468 1.
344 421 392 469 oa
417 419 555 469 iromus
579 422 739 489 carrus,
764 425 875 475 muer.
903 428 943 475 n.
1026 404 1074 499 95

62 657 1073 687 mmmmm
1133 660 1134 667 ¹

85 854 365 937 EPISTOLA
389 850 969 941 ANATOMmoMEchA
987 860 1039 940 ΙΙ.

62 1093 188 1162 Sermo
208 1097 379 1188 primum
392 1089 449 1187 fit
466 1086 514 1159 de
537 1087 758 1188 Apoplexia
776 1096 815 1159 in
842 1094 1067 1179 univermm,

260 1223 341 1279 tum
356 1206 405 1279 de
414 1233 460 1278 ea
478 1231 566 1306 quoe
574 1221 630 1278 est
641 1233 666 1278 a
680 1213 873 1305 sanguine.

63 1369 203 1525 Quas
225 1450 349 1525 nuper
376 1424 423 1497 de
444 1425 576 1525 capitis
596 1422 729 1497 dolore
749 1425 797 1496 ad
818 1440 854 1498 te
880 1424 1070 1516 misimus,

63 1557 184 1640 gratas
200 1539 311 1615 fuisse
329 1543 494 1630 litteras,
509 1539 661 1630 scribis;
684 1542 750 1614 sed
769 1556 877 1615 tanto
890 1543 1072 1640 gratiores

62 1657 206 1731 lituras
224 1683 319 1757 quas
332 1657 379 1729 de
392 1657 590 1757 apoplexia
607 1672 798 1757 expectas,
819 1674 857 1735 et
873 1657 920 1729 de
932 1661 1072 1731 caeteris

63 1774 245 1874 deinceps
257 1774 421 1864 morbis,
439 1789 583 1872 quanto
599 1772 739 1845 horum
750 1777 911 1875 quisque
923 1776 1073 1873 gravior

65 1907 130 1982 est,
150 1907 193 1964 et
212 1892 374 1990 periculi
397 1888 559 1989 plenior.
586 1890 705 1962 Simul
722 1892 882 1991 quaeris,
906 1915 954 1962 an
981 1915 1073 1990 apo-

63 2008 184 2108 plexia
201 2030 333 2080 revera
356 2008 433 2080 hoc
461 2008 595 2081 saeculo
617 2009 788 2087 crebrior
816 2010 883 2099 sit,
916 2006 1072 2109 quando

64 2127 233 2201 medicos
251 2126 420 2203 eruditos
436 2125 532 2199 duos
545 2126 586 2197 in
597 2125 746 2199 diversa
765 2125 870 2198 vides
889 2148 969 2197 esse
986 2128 1071 2225 opi-

64 2246 176 2317 nione
193 2301 203 2337 ,
220 2261 259 2319 et
277 2244 382 2349 quod
399 2247 538 2318 mirum
550 2245 743 2335 videatur,
761 2244 811 2321 ad
828 2243 1005 2317 eumdem
1022 2242 1071 2316 ab

62 2376 227 2464 utroque
237 2380 429 2437 auctorem
443 2365 656 2467 provocari,
673 2362 895 2436 Cornelium
906 2361 1069 2433 Celsum.

108 2510 140 2555 a.
162 2485 217 2556 Ut
236 2481 326 2557 hinc
348 2483 546 2583 incipiam3
564 2483 693 2583 negari
709 2507 789 2553 non
806 2495 953 2580 potest,
970 2479 1070 2578 apud

63 2600 209 2673 Celsum
224 2599 370 2699 (1)haec
380 2601 475 2701 legi:
492 2602 686 2673 Attonitos
703 2624 853 2699 quoque
866 2622 955 2668 raro
965 2596 1068 2669 vide·
1136 2700 1139 2707 ι

67 2743 159 2807 mus,
180 2743 343 2818 quorum
352 2716 559 2823 et'comus,
574 2733 612 2789 et
621 2744 723 2790 mens
733 2733 864 2818 stupet.
883 2720 949 2787 Fit
960 2720 1069 2785 inter·

66 2833 150 2907 dum
161 2835 430 2928 icmfitlminis,
443 2834 627 2912 interdum
635 2837 765 2907 morbo
773 2889 784 2922 ,
800 2835 899 2907 hunc
911 2842 1070 2917 intrantia·

70 2955 188 3027 Graeci
195 2952 403 3056 appellant.
418 2953 490 3027 Sed
504 2950 784 3052 nequeinficias
795 2953 842 3024 iri
854 2965 998 3051 potest,
1009 2951 1072 3023 vix

66 3070 240 3171 perbrevi
268 3073 515 3149 attonitorum
537 3074 731 3149 curatione
760 3069 972 3173 proposita,
991 3066 1072 3139 haec

69 3186 254 3287 subjici(2
256 3188 292 3287 ):
312 3193 367 3262 At
383 3216 464 3263 reso
468 3190 559 3264 l‘utro
578 3215 773 3263 nervorum
784 3190 968 3285 frequens
991 3185 1071 3257 ubi·
1122 3206 1124 3210 ·

68 3330 136 3402 que
151 3309 303 3380 morbus
310 3325 373 3380 est
389 3304 465 3382 Sed
471 3306 655 3381 interdum
670 3323 749 3379 tota
759 3328 945 3405 corpora
961 3307 1071 3373 intera

68 3421 1070 3522 dumparterinfhsrat.Veteresauctorerilluddmanzlaq

69 3539 137 3614 dloc
150 3552 295 3631 rapiam
305 3548 567 3623 Reatinorum:
595 3567 693 3619 num
712 3558 910 3639 utrmque
926 3545 1070 3630 veprium

107 3858 153 3935 (r)
171 3861 217 3916 De
230 3859 396 3931 Medicina,
414 3862 436 3916 1.
451 3862 483 3935 3,
502 3861 595 3941 cnud»
614 3890 639 3923 .·
666 3912 682 3919 ..

107 3956 152 4034 (a)
172 3960 264 4016 Initio
280 3977 445 4035 seq.c.ay.
554 4010 559 4019 .
594 3992 599 4021 ;
636 3992 640 4001 =
684 3988 687 4021 1
727 3990 731 4001 ·
762 3990 765 4003 ·
