2780 4666
311 436 384 530 2'70
478 456 524 502 nr
551 453 696 501 sununs
720 452 766 500 rr
789 452 914 503 uiuus
938 444 1150 501 unisonum

311 592 451 640 carum.
484 572 578 639 Cum
603 566 736 637 delirio
766 567 888 652 enim,
920 581 957 638 et
980 560 1305 654 ourivulsiouibus,

310 709 455 772 sensus,
468 699 504 755 et
522 682 647 754 niotus
658 683 874 753 imminutio
894 683 933 752 in
954 698 1033 754 tou
1053 697 1160 780 parte
1180 707 1304 780 corpu

310 801 362 872 ris
382 792 532 871 deutera
553 800 755 894 conjuncta
772 814 862 869 erat.
875 800 969 889 Quu
986 800 1083 870 mala
1101 800 1171 871 etsi
1187 799 1234 870 ad
1247 800 1305 870 ali·

309 933 401 1016 quot
427 918 617 989 interdum
644 916 724 999 dies
753 917 892 988 remitti
908 917 1157 1008 ridebantur'3
1188 934 1302 990 tamen

307 1034 568 1106 vehementius
591 1017 789 1105 redeuntid
808 1057 943 1130 aegram
970 1034 1017 1106 de
1043 1034 1171 1106 medio
1199 1050 1303 1107 sustu·

308 1151 444 1223 lerunt.

355 1270 492 1340 Granio
505 1283 673 1356 exsecto,
693 1268 856 1338 muitum
872 1290 945 1365 pus
954 1269 1152 1340 inventurn
1170 1285 1229 1341 est
1244 1284 1300 1341 su-

306 1408 426 1484 gnans
439 1387 479 1455 in
496 1386 647 1457 sinistro
671 1383 817 1456 cerebri
839 1385 1050 1456 ventriculo
1067 1413 1075 1455 ε
1091 1411 1166 1458 nec
1185 1401 1300 1458 tamen

306 1503 404 1574 lusio
419 1504 496 1574 uila
508 1504 549 1573 in
562 1505 646 1600 ipso
661 1502 819 1573 cerebro
835 1503 1072 1600 deprehensa
1086 1516 1155 1575 est.
1171 1509 1299 1576 Verum

308 1621 471 1718 suspirio
498 1643 577 1693 esse
598 1634 767 1717 poterat,
788 1622 1004 1708 materiam,
1032 1646 1115 1718 quae
1135 1636 1245 1693 antea
1267 1624 1298 1693 in

307 1762 392 1809 crus
407 1736 614 1822 ferebatur,
634 1738 674 1807 iu
688 1753 802 1835 caput
820 1738 960 1808 illatam
979 1735 1101 1811 fuisse.

358 1853 390 1926 5.
405 1856 577 1951 Suspicio
591 1853 671 1925 haec
686 1870 812 1926 tamen
824 1852 1016 1929 difficilem
1030 1856 1299 1954 obscuramque

305 1972 420 2044 habet
434 1971 733 2070 explicationem.
753 1972 909 2044 Materia
925 1975 1027 2044 enim
1047 1996 1132 2071 quae
1151 1975 1241 2045 olim
1265 1977 1297 2043 in

306 2113 393 2163 crus
407 2087 615 2177 ferebatur,
629 2091 668 2159 in
687 2090 807 2161 cruris
821 2089 1014 2163 uleeudrus
1029 2115 1101 2188 pus
1117 2078 1250 2181 fieb‘at3
1265 2092 1297 2163 in

305 2206 463 2277 cerebro
474 2222 600 2279 autem
614 2231 802 2304 nusquam
817 2207 929 2278 ulcus
944 2224 1138 2305 repertum
1154 2224 1221 2281 est.
1236 2213 1298 2279 Aut

305 2326 335 2396 si
349 2350 397 2394 ex
415 2322 604 2396 diuturnis
623 2325 746 2396 cruris
770 2324 963 2396 uiceribus
988 2325 1142 2396 relatam
1167 2326 1207 2396 in
1231 2328 1297 2396 vias

306 2442 500 2539 sanguinis
513 2456 658 2539 partem
686 2441 875 2512 credimus
895 2440 1107 2538 purulentae
1124 2443 1297 2529 materia,

306 2580 375 2631 cur
390 2584 467 2630 non
482 2559 562 2631 haec
578 2560 705 2657 potius
722 2558 770 2629 ad
787 2559 927 2630 vuinus
942 2557 1295 2632 defluebatnecduin

303 2678 571 2776 persanatumd
596 2678 763 2759 Omnino
785 2678 967 2775 suspicari
986 2677 1159 2769 nullom,
1181 2692 1295 2750 acuta·

304 2818 390 2867 rum
413 2795 575 2867 febrium
602 2809 774 2893 tempore
803 2796 843 2864 in
870 2795 995 2892 aliqua
1021 2798 1171 2867 interna
1199 2810 1295 2894 parte

304 2916 476 3012 corporis
507 2928 675 2989 coactans
696 2913 911 3002 materiam,
926 2912 1217 3011 abseessumque
1235 2910 1296 2983 fre

303 3045 384 3100 tum
402 3032 466 3120 ;ni
482 3031 651 3103 Valsaiva
666 3032 745 3128 ipse
767 3052 842 3127 qua
860 3045 939 3102 erat
958 3030 1150 3127 diligentia
1169 3032 1209 3101 in
1226 3053 1296 3100 mu·

155 3216 159 3225 ,
210 3153 213 3159 ’
247 3146 249 3154 '
303 3147 393 3219 diere
424 3147 639 3233 invisenda,
671 3163 709 3219 et
734 3148 887 3219 solertia
910 3149 950 3216 in
972 3172 1106 3218 eorum
1130 3150 1293 3220 omnium

302 3290 385 3363 qnae
404 3265 640 3350 incidebant,
654 3268 777 3337 causis
791 3265 1048 3362 inquirendis,
1067 3267 1155 3338 satis
1175 3286 1293 3363 super·

304 3407 380 3479 que
411 3383 505 3479 signi
533 3382 716 3471 dedisset,
749 3384 845 3454 nihil
879 3383 1064 3478 ejusmodi
1098 3382 1292 3467 subfuisse,

302 3498 457 3595 quando
474 3499 638 3588 nullam,
659 3517 797 3598 praeter
812 3516 944 3598 caput,
964 3517 1109 3599 partem
1133 3498 1292 3597 corperis

302 3615 372 3688 sibi
399 3616 655 3688 dissecandum
679 3619 832 3715 putavit.
860 3619 960 3708 Quid
986 3642 1079 3716 erge
1106 3619 1187 3690 est?
1201 3620 1291 3687 Num

300 3731 548 3831 puriformem
559 3736 685 3831 petius
702 3735 922 3819 humorem,
938 3758 1052 3832 quum
1067 3758 1198 3807 verum
1214 3757 1290 3832 pus,

300 3850 434 3940 fuisse,
460 3850 683 3923 credemus?
705 3854 789 3920 Non
817 3851 909 3922 einis
930 3870 1078 3921 summa
1100 3853 1140 3921 in
1159 3874 1198 3921 re
1222 3849 1289 3920 chi·

298 3971 448 4068 rurgica
462 3968 639 4041 Valsalvae
655 3970 809 4066 peritia,
826 3971 894 4066 qui
903 3990 1021 4066 pusse
1035 3970 1231 4055 invenisse,
1244 3963 1289 4035 di·
