2782 4668
283 405 387 480 *352
481 430 526 475 nn
552 428 696 476 srnrrns
720 429 764 474 nr
789 426 912 476 cansrs
937 428 1146 478 monronmt

319 557 447 628 cente,
472 541 576 612 exiis
595 565 678 636 quae
698 541 891 636 superiore
913 540 1069 637 epistola
1087 539 1142 636 (ι)
1160 541 1316 630 tradidi,

317 658 639 756 peripneumonia,
664 653 839 728 affectum
874 657 1069 754 intelligas.
1109 658 1316 732 Videbatur

318 789 442 846 autem
473 771 714 846 inflammatio
750 774 907 845 transire
933 775 973 844 in
1005 775 1317 872 suppurationem

256 947 259 951 .
321 891 485 987 coepisse.
501 888 633 959 Albida
654 890 753 960 enim
764 905 844 961 erat
860 913 904 961 ea
920 890 1148 981 substantia,
1167 917 1251 962 non
1262 916 1318 962 ru·

318 1006 412 1078 bra:
430 1021 467 1078 et
479 1029 599 1079 crassa
615 1005 698 1077 alba
715 1007 869 1093 materia
882 1007 1019 1103 passim
1030 1031 1076 1077 ex
1089 1006 1317 1102 quibusdam

321 1121 472 1195 orificiis
487 1176 497 1210 ,
511 1122 804 1210 bronchiorum,
817 1124 975 1220 opinor,
996 1122 1252 1213 sectionibus,
1266 1150 1317 1197 ex-

319 1238 560 1338 primebatur.
581 1237 707 1309 Lobus
735 1253 862 1309 autem
887 1238 1060 1333 superior
1081 1238 1122 1308 in
1144 1263 1317 1336 suprema

323 1356 475 1454 quidem
493 1369 597 1454 parte
609 1379 692 1426 sero
703 1354 875 1451 turgidus
887 1375 1084 1448 spumoso,
1100 1353 1316 1453 ibidemque

322 1475 503 1571 niger,et
524 1472 641 1542 durus
659 1485 760 1556 erat;
779 1467 844 1540 sed
863 1470 913 1587 ita
931 1468 1067 1558 durus,
1086 1485 1128 1541 ut
1143 1486 1258 1543 vetus
1265 1496 1317 1569 po

322 1592 396 1662 tius
409 1590 559 1677 vitium,
578 1612 692 1685 quarn
709 1609 858 1673 recens,
874 1586 1125 1665 existimares:
1147 1603 1259 1684 parte
1268 1613 1317 1658 au·

323 1721 400 1779 tem
419 1706 563 1803 reliqua
580 1703 697 1777 ferme
719 1727 917 1791 exsuccus,
936 1727 1006 1775 nec
1027 1704 1195 1775 multum
1218 1706 1316 1777 dissi·

325 1822 424 1894 milis
445 1823 534 1894 sani.
558 1826 742 1893 Caeterum
760 1817 808 1890 ad
825 1820 995 1916 pleuram
1013 1845 1035 1891 a
1050 1819 1194 1911 latere,
1213 1838 1317 1920 atque

325 1941 491 2010 anterius
511 1935 732 2009 nectebatur
758 1938 975 2035 perplures
997 1938 1096 2009 inter
1120 1963 1159 2008 se
1187 1939 1317 2010 divisos
1387 1940 1388 1989 ἕ

328 2056 433 2151 quasi
455 2054 613 2124 lacertos
629 2052 787 2142 rubros,
812 2069 849 2125 et
867 2078 1029 2143 crassos,
1046 2055 1112 2126 sed
1134 2054 1318 2125 membra-

219 2177 220 2181 ’
328 2195 429 2246 neos.
445 2170 638 2267 Nusquam
658 2185 783 2241 autem
798 2172 936 2242 arctius
950 2172 1089 2268 pleurae
1097 2171 1319 2258 adhaerebat,

328 2311 441 2385 quam
461 2286 508 2358 ad
534 2311 748 2386 supremam
774 2287 876 2357 illam
901 2303 1069 2385 partem:
1089 2304 1250 2386 eratque
1274 2287 1319 2359 ibi

327 2405 459 2503 pleura
485 2406 664 2493 crassior,
693 2419 729 2475 et
750 2401 856 2475 facile
872 2429 893 2474 a
911 2406 1022 2476 costis
1046 2405 1266 2477 avellenda:
1286 2403 1318 2474 id

327 2519 432 2618 quod
452 2521 617 2620 proclive
641 2535 719 2591 erat
739 2518 860 2591 facere
878 2521 989 2591 etiam
1013 2546 1088 2618 qua
1114 2521 1210 2594 lobo
1235 2520 1319 2594 infe·

326 2637 419 2709 riori
436 2635 608 2724 suberat,
625 2637 694 2708 ubi
712 2651 790 2708 erat
804 2638 1066 2726 crassiuscula,
1089 2654 1127 2709 et
1140 2639 1318 2712 rubicun-

328 2754 421 2825 dior.
438 2752 637 2825 Pericardii
654 2750 765 2827 facies
784 2756 965 2842 exterior,
980 2755 1134 2826 ‘sinistra
1153 2770 1318 2841 tantum,

326 2869 520 2943 avasculis
538 2871 703 2943 minimis
721 2872 902 2969 sanguine
922 2871 1130 2968 turgidulis
1151 2873 1317 2945 rubebat.

326 2992 434 3059 Intus
452 3011 571 3084 pauca
587 3003 666 3059 erat
681 3002 798 3084 aqua,
821 3010 940 3084 eaque
958 2986 1061 3057 flava.
1087 2993 1134 3057 In
1158 2988 1319 3061 auricula
1386 3020 1387 3043 ;

328 3103 498 3192 dextera,
530 3128 650 3177 crassa
673 3092 865 3175 concretio
886 3104 1066 3202 polyposa
1082 3107 1147 3174 :in
1176 3107 1320 3203 pulmo·

326 3221 408 3293 nari
434 3221 590 3308 arteria,
619 3220 776 3317 ejusque
804 3222 916 3291 ramis
939 3237 1036 3295 teres
1059 3221 1176 3293 altera
1199 3238 1320 3294 :teres

328 3360 483 3433 quoque
509 3337 548 3406 in
578 3338 713 3408 arteria
731 3361 889 3435 magna:
907 3361 978 3409 nec
1000 3338 1087 3409 talia
1105 3340 1147 3413 in
1170 3340 1320 3411 sinistris

311 3452 512 3545 auricula,
541 3467 578 3522 et
595 3453 806 3524 ventriculo
822 3478 975 3551 prorsus
1000 3454 1168 3527 deerant.
1186 3462 1320 3527 Harum

326 3567 498 3640 omnium
513 3571 797 3640 concretionum
809 3569 1013 3645 substantia
1028 3571 1321 3644 secundumlon-
1385 3594 1386 3659 j

362 3921 407 4001 (1)
426 3926 463 3982 Ν.
482 3939 558 3983 raet
576 3928 621 3983 13.
639 3963 643 3971 .
