2782 4668
640 228 654 261 'l

302 455 374 539 444
464 475 511 521 nr
537 472 682 522 seorsus
707 473 751 520 m
776 471 899 521 causis
924 471 1135 520 uornoauu

298 586 387 676 hus,
403 588 441 657 in
459 587 614 684 aliisque
628 588 772 658 varient
786 587 884 657 inter
898 601 1091 673 se,tamen
1108 583 1297 655 convulsio
1377 638 1378 669 ,

298 705 474 792 interior,
487 704 694 777 exteriorve
711 701 816 774 facile
830 705 900 775 erit
918 705 958 773 in
970 703 1170 790 omnibus,
1187 715 1300 799 etpro
1377 692 1378 737 ³

298 819 413 918 hujus
455 822 713 919 potissimum,
747 836 783 892 et
813 819 1068 918 dispositionis
1105 820 1300 903 varietate,

273 1028 277 1033 Ι
298 952 401 1009 tanta
416 939 478 1009 illa
495 939 650 1009 varietas
663 940 701 1007 in
718 937 950 1023 viventibus,
970 939 1210 1035 mortuisque
1228 935 1299 1004 ani·

298 1054 562 1127 madvertetnr.
590 1055 789 1151 intelligis,
813 1054 924 1126 nobis
950 1079 1081 1125 eorum
1106 1054 1295 1149 conjectu·

298 1197 378 1243 ram
398 1173 696 1245 verisimiliorem
714 1171 851 1260 videri,
874 1174 940 1269 qui
958 1196 1044 1242 cum
1059 1172 1297 1256 Democrito,

298 1304 336 1359 et
351 1292 464 1385 Gajo,
479 1289 676 1387 Herophili
692 1305 873 1361 sectatore
889 1288 1130 1384 (1),nerv05‚
1153 1304 1192 1358 et
1209 1311 1297 1358 cere·
1379 1374 1380 1389 χ

298 1406 407 1476 brum
426 1408 635 1504 principem
654 1405 767 1501 hujus
782 1406 906 1478 morbi
924 1406 1048 1478 sedem
1070 1430 1152 1478 esse
1168 1404 1297 1477 rehan·
1379 1392 1380 1407 ¹

297 1537 382 1609 tur,
398 1547 418 1592 a
434 1549 598 1620 quorum
616 1524 796 1621 opinione
809 1523 910 1595 haud
920 1522 1078 1595 abluisse
1088 1524 1298 1620 praecipuos

298 1638 412 1734 hujus
432 1643 498 1711 aevi
521 1641 710 1729 medicos,
739 1643 848 1712 nosti.
876 1646 920 1712 Et
937 1640 1011 1712 huc
1031 1665 1192 1737 quoque
1209 1637 1295 1709 illud

298 1775 488 1853 spectare,
516 1760 573 1829 vir
606 1760 726 1856 gravis
754 1758 953 1845 censebat,
985 1758 1090 1855 quod
1123 1756 1297 1827 narrabat

296 1875 390 1945 mihi
409 1876 638 1947 adolescenti
653 1929 662 1962 ,
678 1901 764 1946 cum
775 1877 951 1947 Bononiae
962 1875 1094 1947 studiis
1104 1875 1294 1946 medicina
1380 1890 1381 1955 ξ

297 2016 449 2090 operam
466 1992 616 2078 darem,
632 1992 694 2063 de*
705 1992 858 2065 Alherto
879 1998 905 2062 F
907 1991 1033 2077 abbri,
1060 1992 1294 2062 medicorum

295 2109 334 2176 in
353 2131 395 2177 ea
410 2108 622 2181 doctissima
641 2110 786 2182 civitate
801 2111 914 2208 paulo
932 2125 1151 2181 autemeam
1164 2132 1295 2180 memo

295 2225 388 2293 riam
406 2221 512 2295 facile
526 2227 708 2324 principe.
732 2228 798 2299 Hic
821 2229 920 2298 enim
945 2252 1030 2297 cum
1051 2223 1294 2322 hydrophobi

295 2343 468 2411 arteriam
485 2357 675 2440 tangeret,
700 2343 747 2414 ab
773 2369 818 2415 eo
837 2354 952 2417 runnu
968 2345 1082 2414 altera
1101 2358 1295 2442 arreptuS,

296 2473 333 2529 et
364 2458 484 2529 valide
513 2474 701 2548 retentuS,
725 2486 811 2532 mox
838 2464 878 2531 in
904 2462 1086 2533 tristitiam
1113 2460 1293 2531 inciderat

295 2590 455 2663 tantam,
470 2592 517 2647 ut
530 2578 585 2647 sui
596 2577 673 2671 jam
691 2602 787 2674 pene
800 2580 980 2675 impotem
998 2592 1167 2649 mentem
1189 2580 1293 2648 inter·
1382 2582 1383 2603 ¹

295 2692 385 2763 dum
401 2717 439 2764 se
450 2693 571 2792 ipsum
586 2693 835 2765 interficiendi
846 2694 987 2766 subiret
997 2695 1189 2792 cogitatio.
1204 2700 1291 2766 Cum

293 2824 500 2907 propterea.
512 2825 654 2907 septem
667 2811 745 2904 jam
765 2809 843 2881 dies
859 2808 1110 2908 frequentiam
1128 2808 1288 2909 fugeret3

294 2925 428 2996 accidit
436 2941 479 2995 ut
492 2927 531 2994 in
549 2949 615 2997 sua
631 2942 814 3023 perpetua
830 2929 1004 3000 moestitia
1015 2925 1174 3016 defixus,
1182 2929 1290 2999 maxi·

293 3067 356 3112 mo
378 3056 487 3112 antea
506 3040 626 3114 imbre
640 3041 951 3140 perfunderetur,
967 3069 1080 3141 qnam
1095 3045 1290 3115 imminere

293 3160 457 3229 sentiret.
472 3163 593 3230 Locus
608 3174 686 3230 erat
704 3160 805 3232 solus
818 3214 828 3244 ,
843 3177 880 3233 et
899 3186 920 3232 a
937 3164 1043 3233 tectis
1052 3161 1167 3260 longe
1180 3185 1290 3233 remo·

293 3292 374 3364 tus,
390 3292 433 3346 ut
449 3275 496 3346 ad
513 3276 591 3346 haec
607 3302 685 3348 non
703 3280 774 3349 nisi
793 3292 895 3350 totus
912 3302 1009 3377 aqua
1024 3278 1203 3351 madidus
1211 3304 1287 3377 per-

292 3395 420 3464 venire
436 3396 612 3491 potuerit.
635 3395 707 3466 Sed
727 3398 831 3466 omni
856 3421 1012 3495 prorsus
1039 3397 1192 3468 tristitia
1220 3396 1288 3466 abs

291 3526 408 3598 tersa,
421 3513 602 3607 pervenit.
619 3512 719 3612 Quid
733 3515 812 3610 ipse
828 3513 1047 3602 crediderit,
1060 3515 1204 3585 nescio.
1215 3514 1287 3584 Plu·

289 3651 350 3699 res
374 3627 529 3724 quidem
554 3628 703 3700 initium
729 3627 841 3702 luisse
871 3630 964 3705 illud
995 3630 1285 3727 hydrophobia,

873 3788 888 3817 d

328 3962 371 4039 (ι)
392 3963 481 4038 Apud
498 3964 623 4021 Coelium
638 3965 767 4046 ibidem„
