2862 4668
261 448 284 542 8
571 474 801 528 nrsroara
834 478 954 529 virm

257 590 362 690 ginta
381 606 468 663 octo
488 595 708 666 anatomicis
728 594 866 668 tabulis
881 594 1146 670 Bartholomaei
1170 603 1266 674 Eus-

257 709 395 799 tachii,
425 734 493 807 per
519 709 590 782 hos
614 711 693 784 dies
712 715 893 811 repertis,
914 731 1158 815 agnosceret,
1180 742 1266 817 quae

257 828 415 925 propria
440 842 476 897 et
496 829 701 926 peculiaria
720 831 873 904 inventa
898 833 1066 929 ejusdem
1097 839 1263 910 auctoris

197 947 201 956 ¹
259 942 336 1015 dici
356 943 561 1035 deberent,
590 945 839 1021 fuerintlicet
865 949 912 1022 ab
931 951 1011 1024 aliis
1036 968 1122 1050 post
1140 955 1264 1051 ipsum
1357 995 1360 1000 ι

256 1061 421 1160 prodita.
441 1064 524 1152 Qua
543 1064 695 1161 quidem
707 1066 746 1135 in
763 1090 805 1138 re
822 1067 874 1138 sic
887 1070 999 1141 amici
1008 1070 1266 1167 postulationi,

257 1177 368 1252 brevi
390 1196 477 1251 octo
497 1179 645 1251 dierum
667 1184 808 1279 spatio,
828 1182 1023 1275 satisfecit,
1051 1202 1094 1258 ut
1112 1186 1265 1258 laudem

254 1295 306 1368 ab
328 1320 373 1368 eo
391 1300 639 1395 reportaverit
652 1300 723 1370 viri
739 1301 782 1371 in
800 1303 1003 1375 Anatomes
1013 1302 1171 1375 historia
1184 1330 1261 1375 om-

256 1417 364 1487 nium
383 1416 620 1513 peritissimi,
641 1432 772 1490 etcum
786 1420 974 1493 Eustachii
988 1421 1124 1494 tabulis
1136 1425 1157 1493 a
1168 1427 1262 1494 Lan·

256 1535 351 1605 cisio
380 1534 507 1625 editis,
535 1535 677 1634 prodiit
702 1541 829 1610 Romae
855 1563 958 1611 anno
983 1546 1076 1637 1714
1097 1540 1264 1639 Epistola

253 1652 466 1744 Monetam
488 1654 614 1750 (quae,
641 1656 769 1726 nescio
791 1681 876 1746 cur,
902 1656 1007 1731 deest
1025 1658 1065 1727 in
1096 1656 1264 1729 editione

255 1767 457 1865 Leidensi)
472 1771 512 1838 in
533 1794 609 1867 qua
625 1771 750 1867 aliqua
773 1772 927 1843 inventa
954 1772 1091 1843 summi
1110 1772 1181 1840 viri
1201 1796 1262 1843 re·

257 1900 479 1972 censentur,
501 1901 537 1957 et
551 1886 634 1957 loca
650 1886 837 1957 librorum
855 1887 1046 1959 editorum
1059 1879 1269 1960 conferun-'

254 2015 328 2075 tur.
351 2003 436 2101 Agit
456 2026 611 2101 qnoque
631 2003 679 2074 de
694 2004 868 2076 musculis
887 2010 981 2075 nasi.
1017 2092 1024 2099 ,
1085 2030 1087 2035 ·
1251 2016 1253 2023 ’

306 2123 418 2191 Anno
440 2146 553 2220 1717,
568 2121 784 2219 petentibus
804 2147 884 2194 non
906 2122 1048 2214 solum,
1064 2120 1130 2195 sed
1151 2123 1264 2198 etiam

255 2237 510 2337 flagitantibus
528 2241 676 2328 amicis,
690 2241 756 2339 qui
775 2240 850 2313 hoc
868 2241 996 2340 magni
1007 2242 1186 2315 interesse
1205 2240 1264 2314 di-

259 2357 399 2432 cebant
414 2358 462 2431 ad
479 2357 594 2432 decus
612 2360 694 2456 ejus
712 2358 753 2430 in
777 2384 857 2458 quo·
875 2358 1036 2433 docebat
1060 2360 1264 2458 gymnasii,

254 2501 356 2548 nova
371 2475 488 2547 edidit
497 2476 736 2566 Adversaria,
753 2474 917 2557 secunda
937 2476 1118 2550 nimirum
1134 2492 1172 2550 et
1188 2494 1264 2550 ter-

254 2595 328 2684 tia,
357 2594 496 2692 quibus
516 2584 638 2694 prima
666 2592 836 2666 defendit
865 2610 997 2666 eontra
1020 2594 1132 2666 nimis
1157 2619 1264 2668 acres

257 2712 604 2784 animadversiones
633 2713 786 2786 ioannis
819 2714 990 2810 Baptistae
1019 2711 1195 2802 Bianchi,
1226 2727 1265 2784 et

257 2856 406 2904 errores
438 2830 550 2902 simul
575 2829 751 2902 emendat
785 2830 975 2927 Mangeti,
1012 2830 1079 2928 qul
1088 2854 1096 2875 ⁶
1105 2827 1263 2901 Bianchi

195 2990 199 2993 ·
256 2973 355 3049 opus
376 2973 491 3019 suum
509 2949 550 3018 in
575 2946 766 3023 theatrum
793 2947 1047 3018 anatomicum
1070 2946 1259 3037 retulerat.

257 3070 379 3136 Grave
405 3088 447 3137 ac
473 3063 675 3135 molestum
702 3061 772 3134 fuit
799 3065 882 3133 viro
908 3087 930 3133 a
952 3061 1261 3135 contentionibus

256 3181 403 3275 alieno,
429 3205 472 3252 ac
496 3181 573 3252 leni
600 3181 758 3278 mitique
786 3181 932 3263 animo,
959 3179 1000 3250 in
1017 3174 1114 3251 illud
1135 3203 1174 3251 se
1195 3178 1261 3250 ad-

170 3372 174 3375 ,
256 3299 413 3371 ductum
429 3321 508 3368 esse
526 3295 752 3386 discrimen,
771 3313 813 3368 ut
828 3311 1000 3368 naturam
1021 3311 1133 3395 atque
1153 3297 1261 3395 inge·

256 3418 365 3488 nium
397 3440 506 3491 suum
538 3415 590 3486 sic
625 3414 840 3509 desereret,
868 3428 911 3513 ut
941 3439 1022 3485 non
1053 3411 1261 3486 defensoris

255 3534 374 3606 modo
389 3587 398 3622 ,
416 3531 482 3604 sed
495 3533 590 3604 acris
607 3533 718 3604 etiarn
732 3531 958 3604 accusatoris
968 3556 1170 3637 personam
1188 3555 1263 3604 sus

256 3653 395 3725 tineret
407 3653 447 3720 in
468 3651 512 3721 iis
527 3649 766 3723 Adversariis.
785 3647 950 3740 Quarta,
965 3650 1097 3748 quinta
1111 3664 1148 3721 et
1162 3662 1263 3720 sexta

173 3840 175 3844 ,
256 3768 434 3870 prodiere
452 3792 553 3838 anno
582 3793 684 3867 1719.
706 3770 784 3840 Nec
804 3781 953 3839 tantum
977 3766 1128 3863 penitus
1151 3761 1262 3838 refel-

257 3886 523 3959 lunt'secunda
536 3901 573 3958 et
585 3889 696 3959 tertia
714 3884 997 3957 observationes
1009 3879 1183 3971 Bianchi,
1197 3882 1263 3955 sed

256 4004 355 4085 bene
373 4005 513 4078 multos
527 4028 674 4078 errores
692 4004 861 4107 gravium
875 4017 1093 4093 auctorum,
1111 4023 1207 4105 quos
1222 4001 1264 4074 in
