2780 4666
338 430 408 527 276
499 451 546 499 nn
571 451 714 501 sumnus
737 453 781 501 nr
806 453 927 502 oaus1s
951 451 1158 504 uonaoaum
1236 425 1239 432 ’

337 565 482 635 cruenti
495 564 664 649 humoris
680 566 720 634 in
739 566 819 661 ejus
837 565 962 637 medio
978 566 1215 641 manifestior.
1239 569 1307 639 Fuit

337 695 461 752 autem
493 705 552 752 res
584 707 630 753 eo
665 678 808 754 facilius
839 682 1189 774 animadvertenda,
1222 684 1307 782 quod

251 800 254 807 ’
338 785 424 868 oum
443 798 656 885 cerebrum,
673 814 715 869 ut
732 798 807 869 dixi
826 798 934 887 alibi,
962 823 1031 871 suo
1055 801 1182 873 colore
1207 815 1305 887 esset,

335 939 406 986 nec
421 913 605 997 cerehello
625 929 767 985 tantum
792 915 939 1003 durius,
970 915 1035 987 sed
1053 918 1147 987 mira
1167 916 1307 1014 quadam

336 1030 499 1127 ubique,
518 1045 554 1101 et
572 1032 775 1128 prasertim
794 1032 833 1103 iu
848 1046 928 1103 toto
941 1031 1094 1104 dextero
1110 1030 1307 1129 hemispha-

335 1147 418 1233 rio,
436 1145 570 1216 duritie
589 1147 806 1242 praeditum3
829 1150 869 1217 in
885 1147 949 1219 illo
966 1173 1062 1237 un0,
1081 1174 1196 1246 quem
1210 1146 1307 1243 desig-

334 1264 439 1350 navi,
452 1261 813 1335 locosubcrucntum
829 1264 1014 1352 colorem,
1030 1279 1067 1336 et
1083 1264 1306 1337 substantiam

334 1380 439 1475 quasi
458 1376 689 1450 diffluentem
704 1378 876 1451 habebat.
1112 1374 1115 1379 ’

383 1521 415 1591 7.
444 1499 642 1590 Apostema
663 1498 721 1567 sui
739 1499 885 1593 generis
900 1497 954 1589 (1)
974 1495 1082 1567 fuisse
1098 1495 1175 1567 hoc
1194 1494 1307 1582 credo,

236 1600 239 1604 Δ
331 1626 555 1707 agnoscente
576 1612 687 1678 etiam
704 1613 892 1683 Avicenna
909 1608 963 1702 (a)
986 1612 1305 1705 apoplexiamare·

324 1726 494 1825 pletione
525 1736 797 1820 apostemante,
830 1722 936 1816 cujus
960 1724 1036 1792 vim
1065 1725 1104 1794 in
1132 1728 1305 1823 proposita

287 1863 290 1873 '
332 1841 489 1913 muliere
509 1835 624 1909 effusa
647 1862 763 1934 aqua,
789 1851 825 1907 et
854 1837 1013 1908 distenta
1038 1842 1218 1938 sanguine
1240 1865 1306 1912 vast

331 1956 526 2054 augebant.
545 1954 689 2026 Accidit
706 1970 829 2026 autern
847 1970 1037 2053 apostema
1051 1956 1150 2028 circa
1170 1982 1247 2029 eam
1262 1982 1305 2029 se·

333 2074 437 2160 dem,
452 2073 491 2140 in
509 2097 582 2167 qua
595 2073 818 2169 plerumque
828 2096 982 2169 magnas
994 2098 1076 2170 quae
1089 2077 1129 2143 in
1149 2074 1306 2173 apoplec·

329 2191 412 2262 ticis
428 2203 648 2276 occurrunt,
660 2180 854 2285 organicas
864 2213 979 2260 noxas
993 2190 1167 2278 inveniri,
1176 2190 1308 2286 alias(3)

331 2304 595 2375 indicavimus:
613 2329 725 2400 quam
743 2305 789 2374 ad
809 2304 959 2392 sedem,
979 2320 1016 2376 et
1034 2312 1079 2375 e'x
1097 2320 1307 2404 apostemate

332 2422 507 2519 quidem,
524 2424 564 2490 in
582 2423 663 2491 viro
684 2435 763 2493 erat
777 2444 929 2518 quoque
946 2422 985 2490 in
1007 2420 1128 2517 prima
1151 2423 1307 2496 Valsalrae

328 2537 486 2610 historia
507 2537 693 2632 descripto
712 2535 776 2631 (q)
800 2539 917 2619 Porro
933 2538 972 2606 in
993 2537 1141 2627 eadem,
1161 2540 1308 2634 itemque

329 2657 370 2725 iu
390 2654 504 2725 altera
523 2652 576 2749 (5)
593 2667 630 2724 et
648 2655 687 2721 in
704 2650 774 2722 hac
786 2653 925 2749 pariter
934 2652 1090 2724 historia
1099 2670 1226 2726 nostra
1244 2654 1307 2748 ejus

331 2768 588 2843 confirmatam
599 2768 809 2838 doctrinam
825 2769 946 2863 vides,
964 2793 1063 2840 noxa
1071 2770 1111 2839 in
1125 2795 1170 2841 eo
1181 2767 1308 2840 cerebri

329 2884 592 2983 hemisphaerio
608 2885 758 2955 iuventa
772 2884 874 2981 quod
891 2884 1054 2955 resoluto
1076 2886 1245 2981 corporis
1269 2883 1306 2952 la·

267 3004 273 3010 ’
330 3003 400 3073 teri
419 3000 636 3098 oppositum
653 3013 740 3070 erat.

379 3118 411 3186 8.
434 3115 681 3186 Inflammatio
696 3130 820 3187 autem
840 3139 915 3211 qua
934 3130 1070 3185 nostrae
1087 3116 1307 3213 apoplecticae

329 3217 450 3304 vesica
461 3231 712 3319 laboraverat,
730 3231 869 3328 quippe
886 3233 1124 3302 tantaurinae
1136 3233 1240 3330 copia
1251 3230 1309 3301 dis·

429 3564 600 3638 Videpist.
614 3582 649 3637 9,
660 3583 691 3617 n.
707 3564 742 3619 16
752 3574 781 3618 et
792 3582 853 3638 seq.
864 3582 930 3638 usq.
943 3564 982 3621 ad
994 3583 1041 3621 ao⁴

430 3663 543 3718 Canon.
558 3664 578 3715 l.
593 3662 628 3731 3,
644 3663 676 3716 F.
693 3673 777 3733 1,tr.
790 3661 825 3734 5,
840 3680 866 3717 o.
884 3680 927 3718 ra.

429 3758 523 3833 Epist.
541 3760 573 3829 3,
588 3778 618 3813 u.
638 3759 683 3815 18.
