2780 4666
325 417 394 489 272
488 415 534 462 DE
561 366 707 463 sublnus
733 417 777 463 ΕΤ
803 415 926 467 causts
951 417 1161 467 HORBORUM

324 526 584 617 confirmatas,
608 526 714 599 facile
738 552 775 601 se
799 528 946 601 visuros
964 530 1176 628 sperabant.
1194 536 1309 632 ltaque

207 672 210 677 ’
326 667 412 717 cum
441 642 561 716 doctis
590 644 765 743 pluribus
781 647 888 734 viris,
912 662 955 717 ut
972 651 1131 738 caeteris,
1154 650 1205 721 ita
1232 650 1308 720 huic

325 787 480 862 quoque
502 761 736 851 dissectioni,
763 788 845 860 quae
875 763 1074 862 diligenter
1095 764 1224 837 habita
1244 780 1307 853 est,

327 898 364 955 et
387 882 530 979 aliquot
558 883 756 978 occupavit
784 880 881 970 dies,
904 879 1121 980 frequentes
1144 881 1307 955 interlue-

327 1014 427 1073 runt.
444 996 515 1069 Sed
535 996 690 1068 hicnon
707 997 777 1067 alia
792 992 908 1068 ferme
922 1052 932 1087 ,
946 1022 1061 1095 quam
1071 1022 1155 1095 quae
1164 1013 1228 1070 aut
1235 1023 1309 1095 pra·
1370 1000 1371 1061 l

324 1133 383 1190 ter
403 1130 596 1201 naturam,
623 1126 687 1184 aut
715 1129 848 1211 praeter
875 1114 1025 1186 solitum
1052 1129 1306 1202 occurrerunt,

323 1231 563 1335 perscribam.
590 1230 756 1301 Primum
783 1232 973 1320 omnium,
992 1231 1215 1330 inaequalem
1239 1255 1307 1302 cor·

324 1352 448 1452 poris,
468 1345 571 1448 quod
582 1345 749 1443 alioquin
761 1347 860 1443 justa
877 1362 956 1420 erat
973 1363 1131 1437 stattua,
1147 1349 1305 1420 nutritio·

321 1494 410 1542 nem
430 1468 685 1541 animadverti.
705 1473 799 1540 Cum
818 1471 920 1540 euim
936 1485 1116 1558 truncus,
1131 1467 1304 1543 etsemora
1371 1498 1372 1509 ¹

321 1588 475 1688 pinguia
498 1600 640 1675 esseut3
664 1611 792 1674 crura,
820 1602 857 1658 et
887 1586 1022 1686 pedes,
1045 1602 1083 1661 et
1109 1589 1305 1686 superiores
1371 1576 1372 1591 ¹

322 1720 426 1777 artus
451 1703 653 1802 praesertim
682 1717 789 1774 erant
820 1704 1020 1787 macilenti.
1056 1707 1157 1777 Hora
1196 1717 1304 1776 erata

321 1836 444 1894 morte
474 1820 619 1893 decima
652 1820 777 1909 tertia,
799 1843 886 1892 cum
912 1837 1045 1895 venter
1069 1834 1224 1919 apertus
1243 1832 1306 1906 est,

322 1953 522 2035 tempestas
539 1951 663 2009 autem
680 1934 835 2036 frigida,
865 1939 1006 2038 quippe
1026 1938 1172 2011 ultimis
1187 1937 1305 2011 diebus

322 2057 412 2128 anni
434 2060 534 2151 ¹740·
552 2058 691 2129 Tamen
709 2052 890 2127 fumantia
904 2057 1046 2133 viscera
1062 2080 1189 2129 acrem
1211 2056 1306 2127 etiem
1372 2102 1373 2123 i

321 2188 401 2245 tum
420 2173 581 2244 calorem
598 2172 657 2243 vel
677 2187 763 2270 post
778 2172 887 2244 aliam
905 2191 1070 2249 exactam
1087 2174 1224 2247 boram
1233 2172 1308 2249 reti,-

319 2289 470 2362 nebant.
499 2294 703 2361 Omentum
733 2303 935 2365 retractum
963 2308 1043 2364 erat
1064 2291 1111 2365 ad
1129 2293 1307 2373 ventricu-

318 2407 420 2494 lum,
439 2409 504 2504 qui
516 2408 886 2507 parvusapparebat,
897 2433 982 2480 cum
992 2410 1168 2483 intestina
1182 2409 1307 2493 tenuia,

319 2541 356 2597 et
373 2550 460 2624 pars
474 2546 684 2598 crassorum
701 2550 786 2597 aere
806 2542 929 2600 essent
938 2526 1168 2626 subturgida.
1181 2527 1248 2598 Illa
1255 2549 1307 2597 au·

317 2657 393 2715 tem
405 2668 554 2715 sursum
564 2643 756 2741 repulerat
768 2634 1306 2741 vesicaturinadistentaque
1373 2654 1374 2727 ᾗ

318 2760 421 2831 nulla
438 2786 496 2848 re,
516 2760 587 2835 nisi
602 2762 756 2858 propria
772 2776 903 2858 operta
915 2760 1164 2859 pinguedine,
1185 2760 1233 2832 ad
1251 2780 1306 2830 sex
1373 2748 1374 2805 ἶ

317 2877 452 2976 digitos
469 2900 583 2975 supra
600 2901 642 2951 os
664 2876 777 2974 pubis
797 2901 835 2949 se
855 2877 1057 2950 attollebat.
1081 2882 1177 2950 Cum
1203 2897 1306 2949 manu

318 2996 673 3093 comprimeremus,
692 2994 903 3066 lixiviosum
923 2995 1078 3085 lotium,
1094 3021 1175 3071 nun
1190 3010 1305 3067 tamen

316 3111 509 3207 loeticlum,
524 3112 585 3180 vix
602 3111 773 3207 guttatim
792 3110 977 3209 prodibat.
997 3118 1112 3184 Erant
1121 3115 1222 3185 enim
1231 3132 1307 3183 vasa

317 3228 524 3325 sanguilera
541 3228 580 3298 in
598 3252 775 3325 supremo
792 3228 957 3305 urethrae
972 3227 1131 3319 orificio,
1144 3246 1180 3301 et
1191 3230 1304 3325 aliquo

317 3370 431 3444 supra
452 3347 576 3443 ipsum
604 3345 727 3443 'spatio
751 3346 858 3418 valde
878 3352 1059 3446 sauguine
1079 3346 1260 3433 distenta,
1275 3357 1305 3414 et

316 3464 556 3560 nigricantis,
573 3462 620 3532 ad
638 3462 891 3561 eumdemque
914 3464 1091 3552 modum,
1115 3464 1180 3535 sed
1200 3460 1304 3562 paulo

213 3670 216 3675 ἦ
315 3579 460 3665 minus,
478 3602 548 3677 per
566 3580 765 3652 maximam
785 3596 928 3678 partem
946 3582 1102 3653 intern'ae
1112 3578 1219 3657 faciei
1234 3601 1307 3649 ure·

313 3695 406 3769 thrae
431 3695 656 3794 pergebant,
685 3713 727 3767 ut
753 3696 858 3769 facile
888 3699 1137 3796 intelligeres,
1163 3720 1241 3770 esse
1266 3717 1304 3765 ea

311 3813 395 3885 loca
414 3803 624 3885 non'modo
652 3812 899 3901 inflammata,
926 3816 990 3888 scd
1019 3840 1215 3916 gangrense
1235 3814 1305 3909 jam

313 3932 494 4029 proxima.
516 3932 750 4023 Quinetiam
774 3933 933 4009 interior
945 3934 1075 4007 vesicae
1097 3932 1211 4005 *facies
1228 3954 1306 4002 san·
