2862 4668
313 460 361 532 60
423 486 482 532 un·
497 482 713 530 comssosn.
741 478 857 529 sucos.
886 480 990 528 την
1015 478 1199 528 ΕΡιετοιΑ.

310 621 439 695 gratiam
451 639 513 674 cum
525 620 607 693 apud
618 629 737 673 cateros
747 657 757 684 ,
772 636 835 671 cum
847 617 977 670 marime
988 617 1071 688 apud
1078 616 1156 688 ipsos
1167 610 1318 669 academi-

311 759 381 807 cos,
405 742 461 795 tuis
472 759 539 815 quoe
551 758 659 813 magna
677 726 761 807 sunt,
779 740 887 791 meritis
904 755 962 791 non
979 738 1117 790 minorem
1131 754 1211 802 esse,
1224 753 1314 808 pers-

275 844 278 849 *
302 872 423 940 pectam
447 860 579 915 liabent:
590 862 755 932 proesertirn
775 877 838 913 cum
860 858 1070 929 benignissirms
1090 858 1148 911 illis
1168 857 1234 910 uires
1254 873 1315 910 non

311 982 428 1034 omnino
441 977 552 1052 ingrati
562 997 622 1033 esse
627 980 745 1052 possint
755 979 839 1047 libri,
852 996 924 1052 quos
934 979 962 1031 si
964 978 1120 1050 paulisper
1135 962 1265 1043 trement,
1286 985 1318 1031 et

308 1088 362 1154 vel
372 1100 465 1154 obiter
475 1099 631 1172 inspiciant
643 1139 651 1163 ‚
658 1117 797 1172 persaepe
806 1100 954 1152 mirurraat
967 1102 995 1151 iu
1007 1116 1060 1150 sua
1072 1137 1082 1163 ,
1097 1108 1149 1150 aiut
1161 1095 1313 1164 Manatum

309 1220 495 1273 celeberrima
506 1221 626 1275 nomino
633 1258 643 1284 ,
660 1235 779 1290 quorum
793 1218 1004 1272 observationes
1017 1217 1166 1282 militare,
1183 1226 1214 1269 et
1231 1234 1315 1271 corn-

306 1338 514 1392 mendaremei
518 1336 665 1410 propositi
669 1355 742 1408 pars
753 1336 935 1441 mpgnajuit.
952 1336 980 1388 V
976 1337 1009 1388 ir
1019 1335 1094 1389 emm
1105 1353 1202 1388 eorum
1215 1333 1314 1406 Ephe-

307 1457 434 1513 merides
453 1459 502 1510 edi
521 1466 689 1529 creparent,
711 1475 774 1510 cum
802 1456 929 1510 Thomas
950 1454 1138 1510 Bartholinus
1156 1455 1185 1508 in
1203 1473 1255 1508 suo
1276 1452 1313 1509 de

306 1576 453 1636 Anatome
467 1575 597 1649 practica
621 1593 657 1630 ex
678 1575 872 1631 cadaveribus
888 1573 1035 1631 morbosis
1051 1574 1222 1629 adornanda
1244 1591 1314 1628 con·

310 1696 377 1753 silio
395 1694 473 1770 (art.
499 1698 579 1751 XIII
591 1695 603 1772 )
619 1696 759 1751 horreum
777 1697 864 1762 illas,
889 1706 917 1750 et
937 1713 1046 1768 penum
1069 1695 1113 1747 ad
1133 1695 1166 1748 id
1187 1693 1312 1749 divitem

299 1812 394 1883 fore,
416 1816 525 1879 sensit3
546 1827 575 1867 et
595 1833 668 1868 sane
691 1817 818 1868 Bonetus
841 1815 882 1877 in¹
897 1810 1090 1886 Se'pulchreto
1111 1812 1309 1880 conficiendo,

309 1933 468 2005 Mangetus
489 1945 586 1988 autem
599 1934 627 1987 in
641 1935 774 2007 augendo
794 1945 864 2009 quot
883 1934 1150 2008 indesumpsennt,
1165 1933 1311 1987 neminem

230 2078 232 2083 ·
307 2054 388 2107 latet.
404 2030 487 2109 Mihi
502 2055 592 2126 igitur
596 2054 701 2122 sontes
718 2056 883 2109 ostendenti
891 2056 968 2110 unde
982 2074 1018 2109 ea
1029 2055 1160 2128 petendo
1172 2054 1230 2108 sint
1242 2069 1311 2126 quoe

305 2173 351 2228 ad
360 2191 436 2227 nora
449 2173 574 2228 attinent
589 2174 769 2247 Sepulchreti
780 2175 955 2230 incrementa
962 2216 971 2241 ,
987 2174 1178 2229 monstranda
1189 2171 1308 2226 omnino

297 2290 421 2364 fuerunt
434 2295 579 2368 pleraque
590 2312 687 2347 eorum
699 2318 714 2359 ‚⁷
725 2312 792 2367 quoe
808 2306 892 2348 erunt
898 2296 1004 2366 procul
1015 2293 1103 2348 dubio
1116 2292 1204 2347 iidem
1216 2291 1307 2346 addi-

302 2413 362 2468 turi
368 2452 378 2479 ,
392 2413 420 2467 si
427 2425 498 2467 ante
509 2415 678 2469 alterutram
688 2415 749 2482 ejus
760 2418 854 2486 operis
864 2415 1019 2509 eiiitmnem
1031 2424 1076 2468 tot
1084 2415 1146 2467 alia
1161 2406 1307 2467 Coesareoe

302 2527 476 2589 lucademtoe
489 2534 641 2588 volumina
657 2533 846 2617 prodiissent.
866 2532 953 2603 Quod
968 2533 1037 2586 dum
1048 2531 1205 2602 facerem,
1230 2533 1307 2588 aleos

302 2650 523 2727 quoquesontes
534 2665 758 2733 commonstrare
771 2673 828 2708 non
842 2654 948 2719 omisi,
963 2652 1105 2707 internos
1120 2662 1222 2707 mento
1240 2653 1305 2707 eol-

303 2774 431 2828 laudans
440 2774 570 2847 egregios
581 2774 738 2844 libros(de
750 2775 852 2847 quibus
867 2776 929 2846 ipse
940 2773 1012 2828 bene
1029 2773 1105 2828 adeo
1119 2773 1236 2828 meritus
1252 2774 1306 2846 es)

302 2893 355 2968 qui
364 2894 557 2949 inscribuntur
566 2858 784 2950 Cominercium
796 2889 1003 2961 Litterurium,
1025 2893 1055 2948 in
1076 2892 1168 2969 iisque
1179 2904 1245 2950 tuas
1255 2893 1305 2948 in-

302 3013 428 3080 dicans,
462 3013 621 3067 aliorumve
649 3013 792 3067 clatrorum
815 3014 960 3084 virorum,
983 3030 1051 3087 quoe
1076 3013 1120 3067 ad
1142 3012 1303 3069 institutum
1390 3074 1393 3077 ,

296 3127 437 3200 facerent
453 3149 568 3198 meum,
582 3131 748 3187 utilissimas
759 3132 978 3188 observationes.

342 3271 490 3340 Quantum
502 3271 578 3325 enim
591 3272 733 3343 rnedr'cos,
749 3281 779 3328 et
778 3290 839 3346 per
846 3273 924 3346 ipsos
930 3290 1022 3346 genus
1032 3269 1181 3329 hommum
1192 3267 1305 3329 unucu-

299 3408 361 3447 sum
366 3389 470 3460 juvent
479 3391 642 3445 morborum
654 3392 781 3448 notorio
797 3393 925 3461 adjecta
934 3432 946 3460 ,
966 3393 1080 3448 illorum
1099 3395 1152 3468 qui
1166 3394 1235 3449 inde
1241 3412 1302 3468 pe-

298 3510 418 3578 rierint,
434 3511 619 3566 dissectiones
629 3551 637 3580 ,
647 3511 764 3581 judicia
782 3512 939 3567 ostendunt
949 3530 1123 3568 summorum
1135 3512 1165 3569 in
1176 3523 1241 3568 arte
1251 3513 1318 3568 vi-·

216 3658 219 3667 ·
297 3647 393 3684 rorum
409 3648 477 3703 quoe
494 3649 545 3686 suo
566 3632 649 3705 operi
658 3628 798 3705 proefixit
815 3631 964 3699 Bonetus‚
991 3632 1186 3707 eorumquein
1195 3631 1305 3706 pn’ruis

296 3750 349 3824 qui
365 3761 432 3804 tunc
444 3751 473 3805 in
486 3750 702 3821 istoflorebant
715 3751 903 3822 Academia,
919 3753 1125 3829 successoribus
1145 3752 1223 3808 idem
1241 3770 1302 3807 non

294 3871 381 3926 modo
395 3868 632 3942 confirmantibus
643 3873 777 3946 exemplo
789 3891 840 3928 suo
852 3913 864 3941 ,
884 3874 939 3929 sed
948 3873 1038 3929 etiam
1050 3873 1136 3928 enine
1147 3870 1300 3928 inculcan—

294 3989 388 4061 tibus,
400 4001 503 4064 puta,·
521 3999 554 4044 ut
562 4007 639 4044 nunc
649 3999 694 4045 tot
703 3991 780 4047 alios
792 3993 927 4051 omittam
938 4011 951 4065 ,·
962 3990 1217 4070 proestantusrmcs
1226 3990 1301 4048 viris
