2774 4666
298 421 369 508 234
463 445 509 495 aa
536 443 680 490 sautans
706 444 749 490 ar
774 443 898 490 caos1s
923 443 1131 490 nonaoaon

295 583 366 639 sno
381 558 515 643 merito
530 556 642 655 longe
657 556 876 629 charissimo
884 556 1033 629 Andrea
1045 561 1149 627 Pasta
1164 556 1292 627 confir·
1369 538 1370 543 ἵ

295 674 410 751 mabo
419 729 429 764 ‚
439 680 508 747 ne'c
520 676 546 747 ii
555 676 621 772 qui
633 675 795 772 plurima
809 690 948 748 attente
962 689 1091 749 secant
1104 674 1292 773 cujusque

293 793 400 867 modi
418 791 616 881 cadavera,
640 791 912 875 diffitebantur.
929 797 977 867 At
994 794 1095 864 enim
1113 792 1291 889 quosdam
1369 870 1370 873 ,

296 909 359 985 hic
381 909 556 983 sacerdos
588 912 686 985 intra
717 910 911 985 thoracem
942 910 1094 982 dolores
1126 912 1291 1008 imposita

180 1103 183 1108 ,
295 1043 424 1101 sterno
440 1029 591 1101 dextera
615 1029 746 1103 solitus
762 1044 841 1101 erat
857 1031 1033 1103 indicare.
1061 1028 1207 1101 Audio:
1234 1027 1291 1101 sed

295 1147 382 1216 vitia
398 1171 478 1217 non
493 1146 648 1231 deerant
665 1148 745 1242 ejus
760 1148 948 1244 portionis
972 1148 1117 1218 arteriae
1134 1170 1289 1244 magna,

293 1287 377 1360 quae
392 1264 465 1335 alte
474 1264 573 1337 intra
580 1264 775 1337 thoracem
791 1279 918 1339 sterno
934 1263 1158 1360 respondet:
1175 1261 1293 1335 defue-

293 1396 379 1455 rant
395 1396 520 1455 autem
532 1382 574 1453 in
591 1381 781 1455 alacritate
795 1381 880 1468 illa,
894 1396 931 1455 et
941 1376 1242 1479 promptitudine
1251 1378 1292 1451 ad

292 1499 459 1573 actiones
477 1498 615 1569 indicia
640 1480 724 1597 quae
747 1498 871 1571 cordis
894 1498 1149 1571 ventriculum
1175 1498 1291 1570 dexte·

291 1639 381 1689 rum
396 1640 438 1687 ea
454 1616 702 1689 concretione
711 1615 936 1713 impeditum
955 1617 995 1687 in
1019 1618 1169 1688 vivente
1187 1615 1291 1713 signi·
1335 1596 1338 1601 Α

238 1741 241 1749 ’
291 1729 458 1821 ficarent
950 1798 961 1805 .

342 1850 398 1923 23.
426 1854 568 1925 Verum
586 1873 671 1921 cum
689 1850 838 1948 polypis
852 1851 1016 1923 multum
1034 1874 1055 1921 a
1072 1850 1291 1947 quibusdam

291 1966 628 2039 tributumvideam
637 1967 684 2037 ad
695 1967 928 2065 apoplexiam
940 1964 1291 2065 efficiendam;quid

284 2084 428 2159 dehoc
442 2083 536 2153 mihi
550 2084 739 2173 videatur,
756 2101 793 2157 et
808 2100 1045 2182 compertum
1063 2087 1129 2173 sit,
1149 2111 1230 2156 non
1245 2098 1292 2156 est

291 2202 366 2277 hoc
391 2203 476 2277 loco
500 2203 746 2298 reticendum
774 2204 966 2303 Polyposae
989 2205 1253 2275 concretiones
1274 2224 1292 2271 a

291 2319 480 2393 veteribus
499 2306 955 2419 quoqne'prdsectoribns
978 2320 1167 2391 adnotatae
1194 2334 1292 2405 sunt,

292 2437 439 2511 inhisa
457 2437 697 2532 Coitero(1)‚
721 2438 789 2532 qui
812 2461 872 2522 se,
896 2439 1063 2534 scripsit,
1088 2463 1137 2507 ex
1162 2440 1293 2508 imitus

291 2555 403 2627 durae
415 2554 647 2629 membranae
664 2554 803 2623 cerebri
809 2552 1044 2650 phrenetica
1058 2555 1247 2638 mulieris,
1259 2567 1294 2624 nt

291 2674 392 2745 alias
399 2697 448 2743 ex
455 2670 654 2770 suspendio
663 2685 901 2743 enecatorum
909 2674 1081 2759 cerebris,
1092 2679 1293 2744 extraxisse

281 2791 406 2885 fibras
422 2787 706 2884 sirefilamenta
730 2812 875 2873 masso,
895 2789 1080 2861 &imbricis
1096 2815 1174 2881 nora
1196 2789 1292 2859 dissi·

291 2907 414 2994 milio,
433 2931 481 2977 eae
496 2904 587 2977 alba
596 2910 743 3003 pituita
760 2907 947 3001 conflata:
961 2904 1097 2979 similes
1104 2911 1293 3004 sumpsisse
1328 2906 1331 2915 ’

293 3050 341 3095 ea
371 3024 493 3097 cordis
518 3022 752 3096 ventriculis:
782 3022 947 3120 indeque
975 3038 1101 3096 ortum
1131 3045 1291 3097 errorem

294 3124 745 3213 existimassemultorum
762 3142 829 3238 qui
843 3165 990 3213 vermes
1007 3141 1242 3228 meream
1262 3151 1293 3210 et

295 3258 408 3329 corda
420 3256 489 3331 sibi
498 3258 596 3345 visos
606 3257 764 3332 aiebant.
776 3263 822 3329 At
835 3262 1099 3354 Nymmannus
1109 3283 1198 3330 cum
1208 3259 1293 3354 ejus·

295 3372 486 3447 dommodi
509 3377 772 3448 concretiones
790 3376 887 3447 circa
904 3377 1071 3447 torcular
1088 3375 1292 3473 deprehen·

295 3492 428 3579 disset3
444 3492 491 3563 ab
506 3494 550 3565 iis
566 3492 664 3565 hanc
676 3493 799 3565 oedem
812 3492 1000 3583 obturari,
1016 3495 1181 3581 censuit,
1198 3491 1291 3567 unde

295 3610 445 3707 sanguis
461 3611 500 3683 in
518 3625 640 3681 totum
664 3611 863 3683 cerebrum
880 3611 969 3682 ferri
988 3594 1234 3699 credebatur3
1259 3620 1291 3678 et

339 3984 382 4060 (1)
403 3985 475 4040 obs.
492 3985 581 4038 Anat.
