2774 4666
200 440 269 486 nm.
297 441 323 485 1.
350 438 397 485 un
423 436 878 504 uonnrsclrrrrs,nr1sr.
906 443 953 488 m.
1011 424 1082 520 239

68 555 237 628 teriores
251 552 339 624 colli
354 566 478 649 partes
491 554 759 627 maculaverat.
775 554 865 643 Quae
875 576 963 625 eum
974 558 1083 631 vidis·

70 696 155 743 sem
168 724 180 758 ,
193 670 306 739 innui
317 670 540 757 Santorino,
557 685 599 740 nt
614 669 868 769 pharyngem,
894 675 1082 753 arteriam·

68 811 150 886 que
165 809 338 883 asperam
357 810 444 855 cum
459 786 634 882 larynge,
649 788 878 886 annexisque
889 791 1081 887 particulis

69 931 89 977 e
105 903 293 975 cadavere
304 904 505 989 eximeret,
523 918 565 973 ut
577 904 655 973 haec
671 926 823 1001 quoque
832 909 1081 1005 contemplari

68 1043 282 1121 possemus⁴
314 1020 535 1116 Conspecta*
563 1019 676 1117 igitur
709 1036 796 1109 sunt
830 1023 1079 1116 membranae,

69 1163 158 1236 quae
183 1137 322 1233 linguae
349 1134 533 1221 radicem,
561 1137 758 1223 tonsillas,
785 1152 824 1208 et
855 1141 1080 1213 exteriorem

68 1255 247 1351 undique
272 1253 467 1351 laryngenr
492 1254 756 1345 convestiunt,
782 1255 886 1326 lento
913 1256 1081 1331 subflavo

63 1364 158 1445 'sero
182 1370 392 1469 plurimum
414 1370 570 1469 turgidae
592 1372 646 1442 sic
671 1387 818 1462 tamen,
852 1389 894 1444 ut
923 1377 1080 1447 tonsillae

69 1492 180 1587 ipsae,
195 1474 233 1559 et
245 1484 431 1567 canalium
449 1512 547 1584 quos
567 1491 878 1577 memoravimus,
901 1492 1081 1564 interiora

71 1605 287 1679 secundum
302 1619 478 1693 naturam
488 1630 528 1677 se
545 1604 740 1678 haberent.
758 1612 809 1677 Ea
828 1607 917 1678 dum
941 1611 1080 1683 erime÷

70 1741 152 1813 ret,
174 1722 369 1822 jugulares
394 1726 563 1815 interme
579 1749 682 1796 venae
709 1727 890 1823 sanguine
915 1727 1079 1823 plurimo

26 1930 33 1941 ι
72 1840 517 1938 distenteeapparnerant.
530 1840 882 1952 Calvariaintere'aa
900 1840 1079 1941 chirurgo

70 1951 252 2057 adaperta
261 1980 369 2047 ,vasa
380 1956 510 2027 itidem
528 1955 673 2027 cerebri
683 1968 750 2044 ,ac
765 1957 1079 2058 cerebellisuper·

70 2074 197 2149 ficiem
221 2073 410 2161 tenentia,
435 2096 505 2142 nec
530 2095 637 2144 secus
653 2096 735 2167 quae
759 2096 871 2171 supra
898 2074 1079 2151 callosum

70 2215 213 2289 eorpus
236 2189 430 2278 feruntur,
448 2188 654 2287 turgidiora
675 2208 789 2283 quarn
821 2191 985 2276 soleant,
1018 2218 1078 2265 re·

71 2305 180 2407 perta
196 2322 319 2381 sunta
336 2308 518 2405 sangnine
528 2302 590 2376 hic
606 2328 760 2403 quoque
775 2304 915 2396 fluido,
931 2325 972 2381 ut
982 2307 1077 2382 nihil

71 2428 233 2498 omnino
253 2427 421 2501 concreti
440 2425 633 2524 sanguinis
653 2425 692 2493 in
718 2439 797 2495 tota
818 2424 890 2497 hac
903 2416 1088 2527 'sectione'

70 2558 318 2641 conspectum
332 2545 389 2615 sit.
409 2547 513 2640 Aqua
529 2558 653 2619 autem
669 2540 778 2611 obvia
791 2538 861 2613 fuit
883 2543 953 2613 sub
971 2545 1078 2614 tenui

71 2662 272 2758 meninge,
304 2685 385 2757 quae
417 2655 526 2733 facile
559 2672 760 2757 propterea
790 2656 1076 2753 detrahebatur,

70 2801 274 2875 necpauca
289 2776 329 2846 in
349 2775 586 2863 ventriculis,
614 2789 651 2845 et
667 2775 785 2879 multa
809 2774 857 2846 de
885 2776 1075 2849 vertebra·

70 2923 157 2971 rum
176 2897 271 2971 tubo
293 2895 478 2972 effluebat.
503 2901 547 2968 In
572 2895 745 2995 plexibus
759 2893 1005 2969 ehoroidibus
1018 2918 1078 2965 ve·
1120 2948 1124 2952 -

71 3017 197 3089 siculae
217 3031 324 3088 erant
336 3016 497 3112 majores
516 3016 710 3112 aliquanto
736 3039 851 3112 quam
867 3013 1000 3111 saepius
1021 3014 1075 3082 vi·

71 3132 162 3206 dere
197 3135 471 3213 consuevimus.
501 3133 577 3230 Ipsi
606 3120 731 3203 tamen
750 3132 913 3235 'minime
939 3128 1076 3219 albidi,

70 3274 141 3324 nec
160 3249 330 3339 cerebri„
345 3266 410 3322 aut
420 3248 598 3321 cerebelli
610 3248 816 3321 substantia
826 3245 978 3319 flaccida
989 3273 999 3336 3
1009 3246 1075 3319 sed

69 3385 191 3458 recte,
216 3393 304 3449 nam
322 3384 363 3440 et
377 3370 455 3467 ipse
474 3367 600 3466 digitis
620 3382 764 3441 tentare
787 3366 910 3461 vqlui,
935 3367 1075 3439 consti-

70 3499 161 3557 tuta.
368 3479 378 3486 ’

119 3601 178 3676 25.
193 3606 304 3674 Hune
312 3624 384 3701 ego
393 3605 535 3690 virum,
550 3602 623 3674 nisi
632 3604 798 3674 moriens
808 3602 957 3675 locutus
967 3615 1073 3689 esset,

70 3746 196 3819 neque
211 3720 313 3793 ullos
326 3722 366 3793 in
383 3722 462 3818 ipsa
479 3734 610 3811 morte,
619 3720 829 3818 respirandi
846 3734 1003 3792 conatus
1016 3743 1073 3791 os·

69 3839 269 3926 tendisset,
293 3836 539 3910 suffocatione
564 3838 712 3935 potius,
737 3858 851 3935 quam
877 3838 1072 3934 apoplexia
1152 3862 1154 3867 ·

70 3953 310 4028 interfectum
330 3956 567 4029 censuissem.
585 3960 629 4026 In
640 3958 721 4052 ejus
734 3955 956 4029 dissectione
967 3952 1074 4039 mihi,
