<?xml version="1.0" encoding="UTF-8"?>
<!DOCTYPE html PUBLIC "-//W3C//DTD XHTML 1.0 Transitional//EN"
    "http://www.w3.org/TR/xhtml1/DTD/xhtml1-transitional.dtd">
<html xmlns="http://www.w3.org/1999/xhtml" xml:lang="en" lang="en">
 <head>
  <title>
</title>
<meta http-equiv="Content-Type" content="text/html;charset=utf-8" />
  <meta name='ocr-system' content='tesseract 3.04.00' />
  <meta name='ocr-capabilities' content='ocr_page ocr_carea ocr_par ocr_line ocrx_word'/>
</head>
<body>
  <div class='ocr_page' id='page_1' title='image "./desedibusetcaus06adelgoog_0226.png"; bbox 0 0 2774 4666; ppageno 0'>
   <div class='ocr_carea' id='block_1_1' title="bbox 211 484 1091 552">
    <p class='ocr_par' dir='ltr' id='par_1_1' title="bbox 211 484 1091 552">
     <span class='ocr_line' id='line_1_1' title="bbox 211 484 1091 552; baseline 0.011 -19"><span class='ocrx_word' id='word_1_1' title='bbox 211 488 282 533; x_wconf 69' lang='lat' dir='ltr'>Lis,</span> <span class='ocrx_word' id='word_1_2' title='bbox 309 487 334 532; x_wconf 76' lang='grc' dir='ltr'>Ι.</span> <span class='ocrx_word' id='word_1_3' title='bbox 363 486 409 532; x_wconf 86' lang='lat' dir='ltr'>DE</span> <span class='ocrx_word' id='word_1_4' title='bbox 436 484 572 532; x_wconf 77' lang='lat' dir='ltr'>Mouuls</span> <span class='ocrx_word' id='word_1_5' title='bbox 597 487 754 552; x_wconf 78' lang='lat' dir='ltr'>CAPITIS,</span> <span class='ocrx_word' id='word_1_6' title='bbox 779 491 891 539; x_wconf 71' lang='lat' dir='ltr'>Eatsr.</span> <span class='ocrx_word' id='word_1_7' title='bbox 919 495 967 543; x_wconf 80' lang='lat' dir='ltr'>W.</span> <span class='ocrx_word' id='word_1_8' title='bbox 1026 500 1091 547; x_wconf 76' lang='lat'>211</span> 
     </span>
    </p>
   </div>
   <div class='ocr_carea' id='block_1_2' title="bbox 19 608 1211 4105">
    <p class='ocr_par' dir='ltr' id='par_1_2' title="bbox 19 608 1099 930">
     <span class='ocr_line' id='line_1_2' title="bbox 19 608 1099 706; baseline 0.013 -41"><span class='ocrx_word' id='word_1_9' title='bbox 19 654 25 665; x_wconf 79' lang='grc'><strong>.</strong></span> <span class='ocrx_word' id='word_1_10' title='bbox 89 614 127 670; x_wconf 88' lang='lat' dir='ltr'>ct</span> <span class='ocrx_word' id='word_1_11' title='bbox 141 614 272 670; x_wconf 88' lang='lat' dir='ltr'>mente</span> <span class='ocrx_word' id='word_1_12' title='bbox 281 623 386 695; x_wconf 85' lang='lat' dir='ltr'>aeque</span> <span class='ocrx_word' id='word_1_13' title='bbox 394 621 605 696; x_wconf 83' lang='lat' dir='ltr'>accorpore</span> <span class='ocrx_word' id='word_1_14' title='bbox 613 616 785 696; x_wconf 85' lang='lat' dir='ltr'>vegetus,</span> <span class='ocrx_word' id='word_1_15' title='bbox 802 628 889 679; x_wconf 87' lang='lat' dir='ltr'>curu</span> <span class='ocrx_word' id='word_1_16' title='bbox 898 608 980 686; x_wconf 88' lang='lat' dir='ltr'>viro</span> <span class='ocrx_word' id='word_1_17' title='bbox 995 611 1099 706; x_wconf 83' lang='lat' dir='ltr'>gravi</span> 
     </span>
     <span class='ocr_line' id='line_1_3' title="bbox 89 716 1098 819; baseline 0.013 -34"><span class='ocrx_word' id='word_1_18' title='bbox 89 717 273 812; x_wconf 86' lang='lat' dir='ltr'>spatiatus</span> <span class='ocrx_word' id='word_1_19' title='bbox 286 730 401 805; x_wconf 88' lang='lat' dir='ltr'>esset,</span> <span class='ocrx_word' id='word_1_20' title='bbox 423 717 504 804; x_wconf 90' lang='lat' dir='ltr'>vix,</span> <span class='ocrx_word' id='word_1_21' title='bbox 529 716 749 814; x_wconf 88' lang='lat' dir='ltr'>sesquihora</span> <span class='ocrx_word' id='word_1_22' title='bbox 774 745 819 791; x_wconf 85' lang='lat' dir='ltr'>ex</span> <span class='ocrx_word' id='word_1_23' title='bbox 844 748 922 819; x_wconf 91' lang='lat' dir='ltr'>quo</span> <span class='ocrx_word' id='word_1_24' title='bbox 948 725 995 797; x_wconf 90' lang='lat' dir='ltr'>ab</span> <span class='ocrx_word' id='word_1_25' title='bbox 1023 725 1098 798; x_wconf 92' lang='lat' dir='ltr'>hoc</span> 
     </span>
     <span class='ocr_line' id='line_1_4' title="bbox 89 828 1072 930; baseline 0.013 -30"><span class='ocrx_word' id='word_1_26' title='bbox 89 828 329 920; x_wconf 65' lang='lat' dir='ltr'>discesserat,</span> <span class='ocrx_word' id='word_1_27' title='bbox 346 832 490 930; x_wconf 88' lang='lat' dir='ltr'>elapsa,</span> <span class='ocrx_word' id='word_1_28' title='bbox 505 833 546 902; x_wconf 91' lang='lat' dir='ltr'>in</span> <span class='ocrx_word' id='word_1_29' title='bbox 562 833 622 904; x_wconf 88' lang='lat' dir='ltr'>via</span> <span class='ocrx_word' id='word_1_30' title='bbox 637 851 810 908; x_wconf 87' lang='lat' dir='ltr'>mortuus</span> <span class='ocrx_word' id='word_1_31' title='bbox 821 839 997 917; x_wconf 88' lang='lat' dir='ltr'>inventus</span> <span class='ocrx_word' id='word_1_32' title='bbox 1007 857 1072 914; x_wconf 89' lang='lat' dir='ltr'>est.</span> 
     </span>
    </p>

    <p class='ocr_par' dir='ltr' id='par_1_3' title="bbox 89 948 1104 1516">
     <span class='ocr_line' id='line_1_5' title="bbox 138 948 1100 1054; baseline 0.015 -35"><span class='ocrx_word' id='word_1_33' title='bbox 138 948 342 1021; x_wconf 88' lang='lat' dir='ltr'>Cadaveris</span> <span class='ocrx_word' id='word_1_34' title='bbox 368 965 472 1021; x_wconf 86' lang='lat' dir='ltr'>artus</span> <span class='ocrx_word' id='word_1_35' title='bbox 504 952 716 1047; x_wconf 85' lang='lat' dir='ltr'>superiores</span> <span class='ocrx_word' id='word_1_36' title='bbox 742 953 850 1029; x_wconf 89' lang='lat' dir='ltr'>valde</span> <span class='ocrx_word' id='word_1_37' title='bbox 876 959 1037 1054; x_wconf 85' lang='lat' dir='ltr'>rigidos,</span> <span class='ocrx_word' id='word_1_38' title='bbox 1064 977 1100 1033; x_wconf 90' lang='lat' dir='ltr'>et</span> 
     </span>
     <span class='ocr_line' id='line_1_6' title="bbox 89 1065 1103 1155; baseline 0.017 -20"><span class='ocrx_word' id='word_1_39' title='bbox 89 1079 309 1136; x_wconf 89' lang='lat' dir='ltr'>contractos</span> <span class='ocrx_word' id='word_1_40' title='bbox 318 1065 668 1155; x_wconf 67' lang='lat' dir='ltr'>animadvertimus,</span> <span class='ocrx_word' id='word_1_41' title='bbox 679 1082 716 1141; x_wconf 83' lang='lat' dir='ltr'>et</span> <span class='ocrx_word' id='word_1_42' title='bbox 730 1068 850 1145; x_wconf 85' lang='lat' dir='ltr'>levem</span> <span class='ocrx_word' id='word_1_43' title='bbox 864 1072 910 1145; x_wconf 89' lang='lat' dir='ltr'>ad</span> <span class='ocrx_word' id='word_1_44' title='bbox 921 1076 1013 1149; x_wconf 89' lang='lat' dir='ltr'>imas</span> <span class='ocrx_word' id='word_1_45' title='bbox 1025 1101 1103 1152; x_wconf 85' lang='lat' dir='ltr'>cos·</span> 
     </span>
     <span class='ocr_line' id='line_1_7' title="bbox 91 1183 1104 1271; baseline 0.018 -18"><span class='ocrx_word' id='word_1_46' title='bbox 91 1197 148 1255; x_wconf 88' lang='lat' dir='ltr'>tas</span> <span class='ocrx_word' id='word_1_47' title='bbox 172 1183 345 1255; x_wconf 81' lang='lat' dir='ltr'>dexteras</span> <span class='ocrx_word' id='word_1_48' title='bbox 371 1184 588 1255; x_wconf 87' lang='lat' dir='ltr'>etiamtum</span> <span class='ocrx_word' id='word_1_49' title='bbox 614 1185 799 1270; x_wconf 85' lang='lat' dir='ltr'>calorem3</span> <span class='ocrx_word' id='word_1_50' title='bbox 825 1206 958 1263; x_wconf 72' lang='lat' dir='ltr'>exacta</span> <span class='ocrx_word' id='word_1_51' title='bbox 974 1210 1104 1271; x_wconf 85' lang='lat' dir='ltr'>autem</span> 
     </span>
     <span class='ocr_line' id='line_1_8' title="bbox 92 1297 1101 1399; baseline 0.014 -29"><span class='ocrx_word' id='word_1_52' title='bbox 92 1300 312 1372; x_wconf 85' lang='lat' dir='ltr'>eranthorae</span> <span class='ocrx_word' id='word_1_53' title='bbox 324 1298 372 1369; x_wconf 84' lang='lat' dir='ltr'>ab</span> <span class='ocrx_word' id='word_1_54' title='bbox 381 1297 490 1372; x_wconf 88' lang='lat' dir='ltr'>obitu</span> <span class='ocrx_word' id='word_1_55' title='bbox 501 1302 632 1398; x_wconf 85' lang='lat' dir='ltr'>viginti</span> <span class='ocrx_word' id='word_1_56' title='bbox 643 1318 816 1399; x_wconf 84' lang='lat' dir='ltr'>quatuor.</span> <span class='ocrx_word' id='word_1_57' title='bbox 828 1311 1008 1381; x_wconf 84' lang='lat' dir='ltr'>Ventrem</span> <span class='ocrx_word' id='word_1_58' title='bbox 1022 1336 1101 1384; x_wconf 91' lang='lat' dir='ltr'>non</span> 
     </span>
     <span class='ocr_line' id='line_1_9' title="bbox 93 1419 476 1516; baseline 0.005 -28"><span class='ocrx_word' id='word_1_59' title='bbox 93 1419 298 1516; x_wconf 87' lang='lat' dir='ltr'>attigimus.</span> <span class='ocrx_word' id='word_1_60' title='bbox 474 1498 476 1502; x_wconf 11' lang='grc' dir='ltr'><em>Α</em></span> 
     </span>
    </p>

    <p class='ocr_par' dir='ltr' id='par_1_4' title="bbox 95 1535 1211 3518">
     <span class='ocr_line' id='line_1_10' title="bbox 141 1535 1104 1640; baseline 0.013 -35"><span class='ocrx_word' id='word_1_61' title='bbox 141 1535 326 1607; x_wconf 84' lang='lat' dir='ltr'>Thoracis</span> <span class='ocrx_word' id='word_1_62' title='bbox 337 1536 493 1623; x_wconf 86' lang='lat' dir='ltr'>viscera,</span> <span class='ocrx_word' id='word_1_63' title='bbox 503 1549 539 1607; x_wconf 87' lang='lat' dir='ltr'>et</span> <span class='ocrx_word' id='word_1_64' title='bbox 548 1561 634 1609; x_wconf 87' lang='lat' dir='ltr'>vasa</span> <span class='ocrx_word' id='word_1_65' title='bbox 644 1537 844 1635; x_wconf 80' lang='lat' dir='ltr'>diligenter</span> <span class='ocrx_word' id='word_1_66' title='bbox 854 1543 1104 1640; x_wconf 86' lang='lat' dir='ltr'>inspeximus,</span> 
     </span>
     <span class='ocr_line' id='line_1_11' title="bbox 95 1653 1105 1757; baseline 0.011 -31"><span class='ocrx_word' id='word_1_67' title='bbox 95 1670 134 1726; x_wconf 89' lang='lat' dir='ltr'>et</span> <span class='ocrx_word' id='word_1_68' title='bbox 147 1653 487 1727; x_wconf 83' lang='lat' dir='ltr'>contrectavimus:</span> <span class='ocrx_word' id='word_1_69' title='bbox 503 1664 592 1725; x_wconf 83' lang='lat' dir='ltr'>sana</span> <span class='ocrx_word' id='word_1_70' title='bbox 609 1656 746 1729; x_wconf 86' lang='lat' dir='ltr'>omnia.</span> <span class='ocrx_word' id='word_1_71' title='bbox 759 1661 804 1730; x_wconf 87' lang='lat' dir='ltr'>Iu·</span> <span class='ocrx_word' id='word_1_72' title='bbox 818 1661 939 1757; x_wconf 85' lang='lat' dir='ltr'>capite</span> <span class='ocrx_word' id='word_1_73' title='bbox 949 1662 1105 1737; x_wconf 78' lang='lat' dir='ltr'>adnota-</span> 
     </span>
     <span class='ocr_line' id='line_1_12' title="bbox 97 1766 1103 1874; baseline 0.011 -32"><span class='ocrx_word' id='word_1_74' title='bbox 97 1775 221 1845; x_wconf 87' lang='lat' dir='ltr'>vimus</span> <span class='ocrx_word' id='word_1_75' title='bbox 238 1795 281 1844; x_wconf 94' lang='lat' dir='ltr'>os</span> <span class='ocrx_word' id='word_1_76' title='bbox 295 1771 495 1845; x_wconf 88' lang='lat' dir='ltr'>distortum</span> <span class='ocrx_word' id='word_1_77' title='bbox 512 1773 551 1843; x_wconf 89' lang='lat' dir='ltr'>in</span> <span class='ocrx_word' id='word_1_78' title='bbox 575 1766 766 1849; x_wconf 80' lang='lat' dir='ltr'>dexteram</span> <span class='ocrx_word' id='word_1_79' title='bbox 783 1792 946 1874; x_wconf 87' lang='lat' dir='ltr'>partem,</span> <span class='ocrx_word' id='word_1_80' title='bbox 971 1780 1020 1853; x_wconf 84' lang='lat' dir='ltr'>ab.</span> <span class='ocrx_word' id='word_1_81' title='bbox 1044 1807 1103 1853; x_wconf 86' lang='lat' dir='ltr'>ea-</span> 
     </span>
     <span class='ocr_line' id='line_1_13' title="bbox 99 1890 1104 1992; baseline 0.011 -32"><span class='ocrx_word' id='word_1_82' title='bbox 99 1890 267 1987; x_wconf 88' lang='lat' dir='ltr'>demque</span> <span class='ocrx_word' id='word_1_83' title='bbox 286 1905 392 1987; x_wconf 87' lang='lat' dir='ltr'>parte</span> <span class='ocrx_word' id='word_1_84' title='bbox 413 1914 589 1989; x_wconf 82' lang='lat' dir='ltr'>magnam</span> <span class='ocrx_word' id='word_1_85' title='bbox 607 1894 713 1989; x_wconf 84' lang='lat' dir='ltr'>quasi</span> <span class='ocrx_word' id='word_1_86' title='bbox 740 1894 1035 1992; x_wconf 83' lang='lat' dir='ltr'>sugillationem,</span> <span class='ocrx_word' id='word_1_87' title='bbox 1056 1924 1104 1977; x_wconf 86' lang='lat' dir='ltr'>au</span> 
     </span>
     <span class='ocr_line' id='line_1_14' title="bbox 99 2006 1105 2114; baseline 0.012 -38"><span class='ocrx_word' id='word_1_88' title='bbox 99 2006 148 2077; x_wconf 88' lang='lat' dir='ltr'>ab</span> <span class='ocrx_word' id='word_1_89' title='bbox 164 2007 261 2094; x_wconf 90' lang='lat' dir='ltr'>ictu,</span> <span class='ocrx_word' id='word_1_90' title='bbox 283 2031 369 2079; x_wconf 90' lang='lat' dir='ltr'>cum</span> <span class='ocrx_word' id='word_1_91' title='bbox 392 2010 432 2078; x_wconf 90' lang='lat' dir='ltr'>in</span> <span class='ocrx_word' id='word_1_92' title='bbox 459 2008 620 2079; x_wconf 89' lang='lat' dir='ltr'>humum</span> <span class='ocrx_word' id='word_1_93' title='bbox 642 2009 791 2099; x_wconf 86' lang='lat' dir='ltr'>cecidit,</span> <span class='ocrx_word' id='word_1_94' title='bbox 811 2035 859 2084; x_wconf 85' lang='lat' dir='ltr'>au</span> <span class='ocrx_word' id='word_1_95' title='bbox 877 2038 898 2087; x_wconf 89' lang='lat' dir='ltr'>a</span> <span class='ocrx_word' id='word_1_96' title='bbox 923 2016 1105 2114; x_wconf 83' lang='lat' dir='ltr'>sanguine</span> 
     </span>
     <span class='ocr_line' id='line_1_15' title="bbox 99 2124 1107 2231; baseline 0.011 -37"><span class='ocrx_word' id='word_1_97' title='bbox 99 2124 191 2195; x_wconf 89' lang='lat' dir='ltr'>illuc</span> <span class='ocrx_word' id='word_1_98' title='bbox 207 2126 248 2194; x_wconf 89' lang='lat' dir='ltr'>iu</span> <span class='ocrx_word' id='word_1_99' title='bbox 258 2140 411 2199; x_wconf 89' lang='lat' dir='ltr'>mortuo</span> <span class='ocrx_word' id='word_1_100' title='bbox 426 2124 477 2196; x_wconf 84' lang='lat' dir='ltr'>ol&gt;</span> <span class='ocrx_word' id='word_1_101' title='bbox 487 2127 618 2225; x_wconf 85' lang='lat' dir='ltr'>capitis</span> <span class='ocrx_word' id='word_1_102' title='bbox 626 2129 1020 2226; x_wconf 80' lang='lat' dir='ltr'>positum-defluente,</span> <span class='ocrx_word' id='word_1_103' title='bbox 1034 2159 1107 2231; x_wconf 86' lang='lat' dir='ltr'>pro</span> 
     </span>
     <span class='ocr_line' id='line_1_16' title="bbox 99 2245 1107 2346; baseline 0.009 -32"><span class='ocrx_word' id='word_1_104' title='bbox 99 2257 205 2317; x_wconf 90' lang='lat' dir='ltr'>certo</span> <span class='ocrx_word' id='word_1_105' title='bbox 222 2245 316 2315; x_wconf 89' lang='lat' dir='ltr'>scire</span> <span class='ocrx_word' id='word_1_106' title='bbox 333 2269 412 2314; x_wconf 91' lang='lat' dir='ltr'>non</span> <span class='ocrx_word' id='word_1_107' title='bbox 426 2247 639 2345; x_wconf 85' lang='lat' dir='ltr'>potuimus:</span> <span class='ocrx_word' id='word_1_108' title='bbox 658 2247 808 2344; x_wconf 83' lang='lat' dir='ltr'>sanguis</span> <span class='ocrx_word' id='word_1_109' title='bbox 822 2250 954 2346; x_wconf 87' lang='lat' dir='ltr'>utique</span> <span class='ocrx_word' id='word_1_110' title='bbox 968 2249 1107 2324; x_wconf 89' lang='lat' dir='ltr'>fluidus</span> 
     </span>
     <span class='ocr_line' id='line_1_17' title="bbox 101 2361 1108 2460; baseline 0.009 -28"><span class='ocrx_word' id='word_1_111' title='bbox 101 2363 241 2460; x_wconf 88' lang='lat' dir='ltr'>passim</span> <span class='ocrx_word' id='word_1_112' title='bbox 256 2362 433 2433; x_wconf 86' lang='lat' dir='ltr'>inventus</span> <span class='ocrx_word' id='word_1_113' title='bbox 446 2377 520 2452; x_wconf 89' lang='lat' dir='ltr'>est;</span> <span class='ocrx_word' id='word_1_114' title='bbox 539 2361 636 2433; x_wconf 89' lang='lat' dir='ltr'>nihil</span> <span class='ocrx_word' id='word_1_115' title='bbox 651 2377 777 2436; x_wconf 86' lang='lat' dir='ltr'>autem</span> <span class='ocrx_word' id='word_1_116' title='bbox 793 2366 833 2435; x_wconf 93' lang='lat' dir='ltr'>in</span> <span class='ocrx_word' id='word_1_117' title='bbox 851 2366 1009 2440; x_wconf 81' lang='lat' dir='ltr'>calvaria</span> <span class='ocrx_word' id='word_1_118' title='bbox 1019 2384 1108 2458; x_wconf 85' lang='lat' dir='ltr'>,aut</span> 
     </span>
     <span class='ocr_line' id='line_1_18' title="bbox 101 2478 1108 2580; baseline 0.01 -33"><span class='ocrx_word' id='word_1_119' title='bbox 101 2479 201 2550; x_wconf 88' lang='lat' dir='ltr'>intra</span> <span class='ocrx_word' id='word_1_120' title='bbox 217 2478 315 2549; x_wconf 89' lang='lat' dir='ltr'>hanc</span> <span class='ocrx_word' id='word_1_121' title='bbox 334 2478 440 2575; x_wconf 88' lang='lat' dir='ltr'>quod</span> <span class='ocrx_word' id='word_1_122' title='bbox 456 2481 490 2551; x_wconf 90' lang='lat' dir='ltr'>ei</span> <span class='ocrx_word' id='word_1_123' title='bbox 510 2480 758 2577; x_wconf 80' lang='lat' dir='ltr'>responderet</span> <span class='ocrx_word' id='word_1_124' title='bbox 776 2483 1015 2580; x_wconf 86' lang='lat' dir='ltr'>sugillationi.</span> <span class='ocrx_word' id='word_1_125' title='bbox 1039 2491 1108 2557; x_wconf 84' lang='lat' dir='ltr'>Ce-</span> 
     </span>
     <span class='ocr_line' id='line_1_19' title="bbox 100 2596 1108 2699; baseline 0.008 -32"><span class='ocrx_word' id='word_1_126' title='bbox 100 2597 257 2668; x_wconf 87' lang='lat' dir='ltr'>rebrum</span> <span class='ocrx_word' id='word_1_127' title='bbox 281 2597 451 2685; x_wconf 89' lang='lat' dir='ltr'>mollius,</span> <span class='ocrx_word' id='word_1_128' title='bbox 475 2596 684 2686; x_wconf 85' lang='lat' dir='ltr'>flaccidius,</span> <span class='ocrx_word' id='word_1_129' title='bbox 714 2598 889 2688; x_wconf 87' lang='lat' dir='ltr'>decolor,</span> <span class='ocrx_word' id='word_1_130' title='bbox 914 2602 956 2671; x_wconf 93' lang='lat' dir='ltr'>in</span> <span class='ocrx_word' id='word_1_131' title='bbox 986 2628 1108 2699; x_wconf 85' lang='lat' dir='ltr'>eoque</span> 
     </span>
     <span class='ocr_line' id='line_1_20' title="bbox 101 2713 1109 2813; baseline 0.007 -28"><span class='ocrx_word' id='word_1_132' title='bbox 101 2713 311 2813; x_wconf 86' lang='lat' dir='ltr'>pauxillum</span> <span class='ocrx_word' id='word_1_133' title='bbox 329 2717 402 2806; x_wconf 84' lang='lat' dir='ltr'>seri</span> <span class='ocrx_word' id='word_1_134' title='bbox 418 2715 536 2810; x_wconf 78' lang='lat' dir='ltr'>magis</span> <span class='ocrx_word' id='word_1_135' title='bbox 552 2717 652 2786; x_wconf 87' lang='lat' dir='ltr'>inter</span> <span class='ocrx_word' id='word_1_136' title='bbox 673 2716 922 2789; x_wconf 87' lang='lat' dir='ltr'>amovendam</span> <span class='ocrx_word' id='word_1_137' title='bbox 946 2745 1109 2792; x_wconf 85' lang='lat' dir='ltr'>crassam</span> 
     </span>
     <span class='ocr_line' id='line_1_21' title="bbox 101 2830 1110 2929; baseline 0.009 -26"><span class='ocrx_word' id='word_1_138' title='bbox 101 2833 341 2929; x_wconf 83' lang='lat' dir='ltr'>meningem,</span> <span class='ocrx_word' id='word_1_139' title='bbox 356 2855 472 2927; x_wconf 87' lang='lat' dir='ltr'>quam</span> <span class='ocrx_word' id='word_1_140' title='bbox 484 2832 523 2903; x_wconf 92' lang='lat' dir='ltr'>in</span> <span class='ocrx_word' id='word_1_141' title='bbox 541 2830 777 2919; x_wconf 83' lang='lat' dir='ltr'>ventriculis,</span> <span class='ocrx_word' id='word_1_142' title='bbox 790 2833 1049 2907; x_wconf 82' lang='lat' dir='ltr'>animadversi.</span> <span class='ocrx_word' id='word_1_143' title='bbox 1066 2842 1110 2913; x_wconf 86' lang='lat' dir='ltr'>Iu</span> 
     </span>
     <span class='ocr_line' id='line_1_22' title="bbox 103 2947 1110 3052; baseline 0.005 -32"><span class='ocrx_word' id='word_1_144' title='bbox 103 2950 163 3023; x_wconf 91' lang='lat' dir='ltr'>his</span> <span class='ocrx_word' id='word_1_145' title='bbox 179 2950 313 3049; x_wconf 83' lang='lat' dir='ltr'>plexus</span> <span class='ocrx_word' id='word_1_146' title='bbox 333 2947 534 3020; x_wconf 86' lang='lat' dir='ltr'>choroides</span> <span class='ocrx_word' id='word_1_147' title='bbox 550 2947 709 3046; x_wconf 82' lang='lat' dir='ltr'>turgidis</span> <span class='ocrx_word' id='word_1_148' title='bbox 731 2950 922 3039; x_wconf 73' lang='lat' dir='ltr'>vericulis,</span> <span class='ocrx_word' id='word_1_149' title='bbox 948 2967 990 3024; x_wconf 85' lang='lat' dir='ltr'>ut</span> <span class='ocrx_word' id='word_1_150' title='bbox 1015 2979 1110 3052; x_wconf 74' lang='lat' dir='ltr'>sape</span> 
     </span>
     <span class='ocr_line' id='line_1_23' title="bbox 102 3064 1112 3169; baseline 0.002 -28"><span class='ocrx_word' id='word_1_151' title='bbox 102 3067 238 3141; x_wconf 85' lang='lat' dir='ltr'>solent.</span> <span class='ocrx_word' id='word_1_152' title='bbox 255 3072 299 3137; x_wconf 88' lang='lat' dir='ltr'>ln</span> <span class='ocrx_word' id='word_1_153' title='bbox 317 3067 451 3138; x_wconf 86' lang='lat' dir='ltr'>arteria</span> <span class='ocrx_word' id='word_1_154' title='bbox 470 3081 595 3138; x_wconf 88' lang='lat' dir='ltr'>autem</span> <span class='ocrx_word' id='word_1_155' title='bbox 620 3064 820 3141; x_wconf 89' lang='lat' dir='ltr'>vertebrali</span> <span class='ocrx_word' id='word_1_156' title='bbox 842 3069 1008 3156; x_wconf 83' lang='lat' dir='ltr'>sinistra,</span> <span class='ocrx_word' id='word_1_157' title='bbox 1035 3097 1112 3169; x_wconf 82' lang='lat' dir='ltr'>qua</span> 
     </span>
     <span class='ocr_line' id='line_1_24' title="bbox 103 3184 1112 3284; baseline 0.002 -27"><span class='ocrx_word' id='word_1_158' title='bbox 103 3184 298 3257; x_wconf 87' lang='lat' dir='ltr'>confluxui</span> <span class='ocrx_word' id='word_1_159' title='bbox 311 3185 389 3279; x_wconf 85' lang='lat' dir='ltr'>jam</span> <span class='ocrx_word' id='word_1_160' title='bbox 415 3198 494 3255; x_wconf 88' lang='lat' dir='ltr'>erat</span> <span class='ocrx_word' id='word_1_161' title='bbox 525 3185 715 3282; x_wconf 83' lang='lat' dir='ltr'>proxima,</span> <span class='ocrx_word' id='word_1_162' title='bbox 747 3184 902 3256; x_wconf 80' lang='lat' dir='ltr'>lamellae</span> <span class='ocrx_word' id='word_1_163' title='bbox 925 3188 1112 3284; x_wconf 78' lang='lat' dir='ltr'>parvulas,</span> 
     </span>
     <span class='ocr_line' id='line_1_25' title="bbox 104 3302 1211 3401; baseline 0.001 -27"><span class='ocrx_word' id='word_1_164' title='bbox 104 3303 185 3376; x_wconf 83' lang='lat' dir='ltr'>aliae</span> <span class='ocrx_word' id='word_1_165' title='bbox 196 3303 434 3389; x_wconf 82' lang='lat' dir='ltr'>teudineam,</span> <span class='ocrx_word' id='word_1_166' title='bbox 452 3302 531 3372; x_wconf 77' lang='lat' dir='ltr'>alias</span> <span class='ocrx_word' id='word_1_167' title='bbox 554 3302 855 3401; x_wconf 85' lang='lat' dir='ltr'>cartilagineam,</span> <span class='ocrx_word' id='word_1_168' title='bbox 876 3303 954 3374; x_wconf 68' lang='lat' dir='ltr'>aliie</span> <span class='ocrx_word' id='word_1_169' title='bbox 967 3329 1111 3377; x_wconf 82' lang='lat' dir='ltr'>osseam</span> <span class='ocrx_word' id='word_1_170' title='bbox 1154 3366 1156 3371; x_wconf 95' lang='lat'>.</span> <span class='ocrx_word' id='word_1_171' title='bbox 1206 3307 1211 3319; x_wconf 84' lang='lat'>&#39;</span> 
     </span>
     <span class='ocr_line' id='line_1_26' title="bbox 103 3416 786 3518; baseline 0 -25"><span class='ocrx_word' id='word_1_172' title='bbox 103 3436 279 3493; x_wconf 87' lang='lat' dir='ltr'>naturam</span> <span class='ocrx_word' id='word_1_173' title='bbox 295 3420 560 3518; x_wconf 86' lang='lat' dir='ltr'>quadantenus</span> <span class='ocrx_word' id='word_1_174' title='bbox 572 3416 786 3495; x_wconf 82' lang='lat' dir='ltr'>referentes.</span> 
     </span>
    </p>

    <p class='ocr_par' dir='ltr' id='par_1_5' title="bbox 103 3537 1116 4105">
     <span class='ocr_line' id='line_1_27' title="bbox 159 3537 1113 3636; baseline 0 -25"><span class='ocrx_word' id='word_1_175' title='bbox 159 3565 214 3611; x_wconf 84' lang='lat'>12.</span> <span class='ocrx_word' id='word_1_176' title='bbox 231 3540 268 3609; x_wconf 86' lang='lat' dir='ltr'>Si</span> <span class='ocrx_word' id='word_1_177' title='bbox 284 3537 363 3610; x_wconf 73' lang='lat' dir='ltr'>hac</span> <span class='ocrx_word' id='word_1_178' title='bbox 377 3538 689 3636; x_wconf 87' lang='lat' dir='ltr'>ultima,aliaque</span> <span class='ocrx_word' id='word_1_179' title='bbox 706 3562 885 3636; x_wconf 83' lang='lat' dir='ltr'>seponas,</span> <span class='ocrx_word' id='word_1_180' title='bbox 896 3565 984 3636; x_wconf 80' lang='lat' dir='ltr'>quae</span> <span class='ocrx_word' id='word_1_181' title='bbox 997 3540 1113 3612; x_wconf 73' lang='lat' dir='ltr'>utad</span> 
     </span>
     <span class='ocr_line' id='line_1_28' title="bbox 103 3654 1116 3754; baseline 0 -26"><span class='ocrx_word' id='word_1_182' title='bbox 103 3658 236 3754; x_wconf 83' lang='lat' dir='ltr'>juvare</span> <span class='ocrx_word' id='word_1_183' title='bbox 246 3654 449 3754; x_wconf 75' lang='lat' dir='ltr'>apopleriae</span> <span class='ocrx_word' id='word_1_184' title='bbox 460 3657 797 3754; x_wconf 87' lang='lat' dir='ltr'>causaspossint,in</span> <span class='ocrx_word' id='word_1_185' title='bbox 805 3656 1116 3753; x_wconf 80' lang='lat' dir='ltr'>pluribustanien</span> 
     </span>
     <span class='ocr_line' id='line_1_29' title="bbox 106 3768 1116 3873; baseline 0.001 -28"><span class='ocrx_word' id='word_1_186' title='bbox 106 3801 186 3845; x_wconf 93' lang='lat' dir='ltr'>non</span> <span class='ocrx_word' id='word_1_187' title='bbox 208 3775 452 3873; x_wconf 90' lang='lat' dir='ltr'>apoplecticis</span> <span class='ocrx_word' id='word_1_188' title='bbox 469 3768 729 3872; x_wconf 80' lang='lat' dir='ltr'>reperiuntur3</span> <span class='ocrx_word' id='word_1_189' title='bbox 746 3800 882 3871; x_wconf 88' lang='lat' dir='ltr'>nempe</span> <span class='ocrx_word' id='word_1_190' title='bbox 897 3775 991 3844; x_wconf 91' lang='lat' dir='ltr'>illud</span> <span class='ocrx_word' id='word_1_191' title='bbox 1005 3791 1116 3846; x_wconf 85' lang='lat' dir='ltr'>resta·</span> 
     </span>
     <span class='ocr_line' id='line_1_30' title="bbox 106 3892 1115 3991; baseline 0 -27"><span class='ocrx_word' id='word_1_192' title='bbox 106 3892 162 3964; x_wconf 89' lang='lat' dir='ltr'>bit</span> <span class='ocrx_word' id='word_1_193' title='bbox 178 3893 388 3991; x_wconf 84' lang='lat' dir='ltr'>pauxillum</span> <span class='ocrx_word' id='word_1_194' title='bbox 408 3893 500 3979; x_wconf 89' lang='lat' dir='ltr'>seri,</span> <span class='ocrx_word' id='word_1_195' title='bbox 516 3893 555 3961; x_wconf 91' lang='lat' dir='ltr'>in</span> <span class='ocrx_word' id='word_1_196' title='bbox 573 3892 680 3987; x_wconf 89' lang='lat' dir='ltr'>cujus</span> <span class='ocrx_word' id='word_1_197' title='bbox 697 3894 940 3962; x_wconf 86' lang='lat' dir='ltr'>acrimoniam</span> <span class='ocrx_word' id='word_1_198' title='bbox 962 3895 1115 3988; x_wconf 87' lang='lat' dir='ltr'>rejicere</span> 
     </span>
     <span class='ocr_line' id='line_1_31' title="bbox 105 4010 1114 4105; baseline 0 -24"><span class='ocrx_word' id='word_1_199' title='bbox 105 4035 221 4105; x_wconf 90' lang='lat' dir='ltr'>queas</span> <span class='ocrx_word' id='word_1_200' title='bbox 247 4010 503 4082; x_wconf 91' lang='lat' dir='ltr'>convulsionis</span> <span class='ocrx_word' id='word_1_201' title='bbox 519 4010 667 4082; x_wconf 87' lang='lat' dir='ltr'>cerebri</span> <span class='ocrx_word' id='word_1_202' title='bbox 690 4034 860 4098; x_wconf 86' lang='lat' dir='ltr'>causam,</span> <span class='ocrx_word' id='word_1_203' title='bbox 888 4012 995 4105; x_wconf 84' lang='lat' dir='ltr'>cujus</span> <span class='ocrx_word' id='word_1_204' title='bbox 1018 4010 1114 4085; x_wconf 90' lang='lat' dir='ltr'>indi·</span> 
     </span>
    </p>
   </div>
   <div class='ocr_carea' id='block_1_3' title="bbox 931 4131 989 4212">
    <p class='ocr_par' dir='ltr' id='par_1_6' title="bbox 931 4131 989 4212">
     <span class='ocr_line' id='line_1_32' title="bbox 931 4131 989 4212; baseline 0 -17"><span class='ocrx_word' id='word_1_205' title='bbox 931 4131 989 4212; x_wconf 68' lang='lat'>14*</span> 
     </span>
    </p>
   </div>
   <div class='ocr_carea' id='block_1_4' title="bbox 0 0 1416 4666">
    <p class='ocr_par' dir='ltr' id='par_1_7' title="bbox 0 0 1416 4666">
     <span class='ocr_line' id='line_1_33' title="bbox 0 0 1416 4666; baseline 0 0"><span class='ocrx_word' id='word_1_206' title='bbox 0 0 1416 4666; x_wconf 95' lang='lat' dir='ltr'> </span> 
     </span>
    </p>
   </div>
   <div class='ocr_carea' id='block_1_5' title="bbox 1380 0 1393 1100">
    <p class='ocr_par' dir='ltr' id='par_1_8' title="bbox 1380 0 1393 1100">
     <span class='ocr_line' id='line_1_34' title="bbox 1380 0 1393 1100; baseline 0 0"><span class='ocrx_word' id='word_1_207' title='bbox 1380 0 1393 1100; x_wconf 95' lang='lat' dir='ltr'> </span> 
     </span>
    </p>
   </div>
  </div>
 </body>
</html>
