2780 4666
309 415 380 489 316
473 439 519 487 oa
546 437 690 488 scamus
714 439 758 487 ar
783 438 905 488 caus1s
932 437 1138 486 noaroauu

360 579 415 650 29·
441 554 581 624 Verum
599 568 641 624 ut
665 551 720 623 hae
741 576 871 623 omnes
898 549 1072 641 fortasse,
1093 566 1296 646 caeteraque

310 668 370 741 his
387 666 524 741 similes
535 670 799 767 explicationes
810 669 888 740 aliae
906 669 994 741 alias
1011 683 1167 766 possunt
1177 667 1297 737 locum

311 788 470 877 habere,
486 791 538 860 sic
553 815 686 861 vereor
704 805 745 861 ut
758 792 795 860 in
811 792 1015 888 propositis
1031 816 1054 861 a
1070 785 1130 860 me
1144 787 1298 859 historiis

312 904 475 977 habeant
485 960 495 993 ,
505 907 545 975 in
555 905 693 1003 quibus
703 932 773 977 nec
784 907 936 979 densior
945 909 1112 1006 sanguis,
1125 929 1194 977 nec
1208 903 1298 975 lente

314 1037 530 1118 promotus,
559 1046 628 1093 nec
655 1025 875 1095 imminutus
890 1039 998 1096 antea
1022 1022 1163 1110 fuerat,
1184 1041 1297 1115 neque

313 1138 430 1208 ullum
450 1139 705 1228 occlusorum,
731 1141 1067 1212 constrictorumve
1089 1141 1130 1210 in
1161 1136 1295 1235 pulmo·

313 1256 426 1327 nibus
442 1255 536 1327 aeris
548 1271 735 1327 meatuum
751 1258 931 1329 indicium
946 1269 1191 1357 praecesserat
1215 1256 1298 1322 Prae-

317 1389 500 1444 cesserant
518 1389 640 1445 antem
661 1375 765 1472 signa
782 1376 914 1447 vitiatae
931 1375 1131 1461 coctionis,
1149 1372 1225 1443 siue
1237 1391 1298 1438 ma·

297 1480 370 1561 'vis
387 1491 584 1563 solutionis
597 1491 696 1563 illius
715 1518 796 1588 quae
816 1489 859 1562 fit
880 1495 919 1562 in
938 1490 1175 1577 ventricuIO,
1202 1502 1237 1557 et
1256 1487 1299 1554 in·

281 1608 285 1617 “
316 1608 481 1696 testinis,
494 1633 579 1678 nam
596 1608 769 1704 languori
784 1609 982 1679 ventriculi
998 1607 1182 1703 AEthiops,
1197 1605 1299 1702 pisca·

316 1736 378 1793 tor
390 1714 697 1796 vero’llatnlentis
706 1726 845 1796 ventris
856 1723 1117 1796 affectionibus
1131 1718 1298 1793 obnoxius

316 1837 447 1910 fuerat.
467 1843 566 1910 Num
584 1842 697 1938 igitur
719 1868 763 1912 ex
788 1842 883 1912 male
909 1840 1071 1914 subactis
1096 1832 1191 1910 cibis
1211 1855 1301 1931 aequo

319 1957 463 2052 plureS,
482 1955 532 2027 ob
551 1957 751 2029 indicatam
765 1963 990 2031 aBrunnero
1007 1955 1080 2053 (1),
1092 1957 1244 2026 aliamve
1255 1973 1299 2020 ra·

318 2073 481 2161 tionem,
498 2072 728 2171 prodeuntes
754 2101 869 2147 aereae
892 2066 1021 2160 bullae,
1047 2072 1234 2170 chyloque
1248 2068 1299 2136 im·

321 2189 458 2275 mistae,
471 2188 675 2261 lactearum
689 2216 868 2262 venarum
880 2191 1051 2264 oscillum
1068 2190 1207 2260 sensim
1215 2197 1302 2256 autea

323 2303 584 2393 dilataverant,
599 2322 640 2378 ut
657 2308 809 2379 tandem
829 2307 1013 2405 plurimu,
1041 2306 1149 2404 quasi
1176 2301 1299 2401 agmine

324 2417 442 2517 facto,
461 2424 574 2493 simul
586 2425 625 2492 in
642 2426 863 2521 sanguinem
874 2447 961 2494 cum
971 2422 1082 2520 chylo
1092 2412 1302 2519 irruperint?

324 2538 382 2608 An
401 2539 595 2634 quoniam,
611 2555 654 2610 ut
670 2538 711 2609 in
735 2535 955 2637 sanguiferis
971 2540 1067 2609 vasis
1089 2520 1245 2608 diximus
1261 2525 1302 2625 (a)

327 2655 378 2725 sic
394 2652 535 2743 liberae,
553 2670 590 2726 et
608 2655 817 2752 explicatae,
840 2654 911 2725 sibi
927 2668 1102 2750 poterant
1120 2675 1231 2724 venas
1240 2647 1300 2718 illas

329 2770 542 2861 obstruere,
553 2786 665 2868 atque
674 2770 818 2841 aditum
830 2794 899 2869 per
908 2769 1173 2868 glandularum
1182 2785 1303 2839 mesen-

328 2889 412 2959 terii
428 2889 616 2986 angustias
630 2886 900 2977 intercludere,
916 2885 1114 2957 credemus
1125 2885 1248 2982 potius
1258 2880 1302 2947 in·

328 3006 419 3076 nme
437 3005 590 3102 quidem
605 3007 802 3102 permistas
822 3005 953 3102 chle,
974 3003 1040 3076 sed
1059 3016 1165 3074 tanto
1182 3001 1302 3099 plures,

331 3138 473 3219 quanto
499 3123 641 3194 diutius
664 3121 714 3193 ob
733 3123 960 3222 languorem,
976 3119 1198 3216 ventriculi,
1216 3129 1248 3186 et
1261 3113 1303 3180 in·

331 3239 555 3310 testinorum
566 3241 749 3328 ,materia
765 3241 864 3337 chyli
882 3241 922 3309 in
940 3238 999 3309 his
1023 3235 1255 3319 subsistebat,
1274 3226 1303 3294 in

332 3355 411 3425 vias
440 3358 631 3452 sanguinis
649 3358 883 3453 pervenisse,
900 3356 941 3426 in
957 3356 1077 3451 iisqne
1091 3354 1240 3425 demum
1261 3365 1305 3414 et·

333 3471 464 3570 pedire
485 3497 542 3559 se,
556 3488 668 3568 atque
679 3474 858 3559 extricare
872 3472 1045 3570 coepisse,
1057 3470 1206 3544 insolita
1218 3479 1304 3536 causa

335 3588 459 3684 aliqua
483 3605 618 3686 praeter
641 3605 812 3661 naturam
841 3588 1072 3685 adjuvante?
1096 3585 1205 3678 Quod
1226 3576 1303 3652 enim

578 3746 1306 3788 ...Μ

377 3871 422 3950 (1)
442 3872 547 3928 Gland.
564 3872 701 3929 Duodea.
715 3892 740 3930 e.
757 3891 801 3931 ro.

379 3971 424 4051 (a)
444 3972 557 4047 Supra,
569 3990 600 4027 n.
618 3971 663 4028 18.
