2780 4666
344 440 412 509 282
507 463 553 508 rr
579 460 723 507 srnraus
746 461 791 506 rr
814 457 938 507 causis
962 458 1168 507 uonrormr

342 574 489 644 narium
517 570 745 643 ralvularum
778 571 1021 658 extantiores,
1047 583 1085 642 ct
1114 569 1248 642 duritie
1264 569 1318 642 lir-

341 690 470 761 mioris
487 689 593 786 qnasi
605 686 839 785 cartilaginis.
853 689 898 758 ln
908 687 1042 761 arteria
1053 709 1205 783 magna,
1221 702 1256 758 et
1270 714 1319 760 ca·
1372 696 1373 773 l

340 806 527 878 rotidihus
546 807 693 904 sanguis
709 804 846 877 fluidus
862 828 941 875 non
953 803 1177 901 itapaucus5
1197 805 1319 878 multus
1372 800 1373 859 l

341 947 432 994 vero
450 920 723 1018 ejusdemmodi
748 923 788 995 iu
816 921 1045 1019 pulmonari
1062 924 1183 1020 Caput
1201 945 1280 993 cum
1303 947 1320 994 a
1372 998 1373 1019 χ

343 1039 549 1112 cervicibus
561 1053 835 1137 amputaretur,
854 1062 951 1135 aqua
968 1063 989 1109 e
1005 1038 1263 1111 vertebrarum
1274 1054 1319 1110 tu·

339 1154 392 1227 bo
410 1157 543 1228 exivit:
563 1181 644 1253 quae
665 1180 753 1227 mox
773 1156 842 1227 sub
861 1157 965 1227 tenui
991 1156 1136 1227 cerebri
1161 1158 1318 1256 meninge

340 1288 539 1372 conspecta
548 1288 603 1346 est
611 1273 834 1362 multa‚non
845 1275 924 1345 sine
934 1275 1056 1372 specie
1064 1273 1251 1369 galatiam.
1260 1273 1317 1345 Sed

339 1390 523 1488 praecipue
535 1391 574 1460 in
584 1392 715 1477 oculos
724 1389 942 1462 incurrebat
952 1390 1036 1461 alba
1045 1368 1218 1487 quaedam
1231 1390 1317 1488 quasi
1372 1420 1373 1485 3

339 1508 459 1578 sanies
475 1531 545 1605 per
560 1508 789 1580 anteriorum
812 1507 957 1579 cerebri
983 1507 1161 1578 laborum
1181 1503 1317 1603 superli-

242 1675 246 1681 -
339 1624 434 1696 ciem
447 1638 619 1696 extensa:
636 1648 717 1720 quae
734 1623 1099 1721 materiadiligenter
1110 1624 1316 1709 examinata,
1372 1646 1373 1703 l

339 1763 468 1813 revera
476 1741 610 1828 sanies,
626 1739 692 1811 sed
706 1740 884 1828 inodora,
895 1739 973 1811 visa
985 1754 1057 1827 cst,
1069 1741 1108 1809 in
1122 1740 1203 1837 ipsa
1215 1739 1314 1810 tenuis

339 1857 527 1953 meningis
531 1855 735 1930 substantia
743 1856 944 1945 inhaerens‚
961 1853 1158 1954 superficie
1171 1855 1315 1940 cerebri,
1372 1866 1373 1947 l

340 1988 523 2069 quantum
542 1997 671 2051 sensus
685 1975 853 2071 judicare
869 1989 1061 2071 poterant,
1076 1975 1235 2044 omnino
1251 1971 1316 2041 illa·

275 2070 278 2083 ’
328 2088 388 2161 'aa
404 2095 454 2161 Ea
467 2106 591 2177 autem
608 2093 761 2165 meninx
776 2107 854 2165 tota
868 2091 1050 2164 trahentis
1064 2115 1220 2163 manum
1232 2087 1317 2160 facile

339 2206 584 2305 sequebatur:
604 2225 642 2281 ct
653 2209 875 2299 cerebrum,
896 2209 1141 2295 cerebellum,
1166 2233 1210 2279 ac
1230 2205 1316 2277 nervi

254 2348 259 2358 ·
340 2348 483 2398 summa
499 2341 605 2401 erant
626 2325 856 2399 flacciditate.
876 2331 972 2399 Vasa
990 2328 1133 2415 omnia,
1151 2327 1315 2399 etiamte-

280 2454 284 2461 “
338 2443 491 2531 umora,
507 2458 618 2541 atque
630 2446 777 2532 intima,
795 2444 973 2541 sanguine
994 2439 1169 2540 turgida:
1190 2439 1315 2513 sinibus

337 2572 481 2646 autern,
501 2560 705 2658 praesertim
723 2559 949 2655 majoribus,
975 2555 1123 2631 inerant
1144 2560 1314 2656 polyposae

339 2675 608 2748 concretiones,
638 2682 683 2747 In
709 2676 927 2749 ventriculis
951 2674 1166 2749 lateralibus
1193 2667 1314 2770 aliquid

337 2816 441 2889 aqum
455 2794 732 2882 annotavimus,
749 2808 787 2866 ot
801 2793 960 2867 dilutum
982 2794 1161 2891 plexuum
1186 2786 1315 2862 chorni-

339 2908 429 2978 dum
444 2910 629 2982 colorem:
650 2911 812 3006 denique
825 2911 864 2981 in
878 2911 1015 3008 pineali
1030 2908 1207 3007 glandula
1222 2902 1313 2978 mini·

296 3014 298 3028 ¹
338 3050 443 3095 mum
463 3026 687 3098 duriusculac
705 3030 866 3100 materiae
884 3024 1097 3099 frustulum.

390 3168 443 3212 12.
469 3146 523 3213 Ne
542 3147 583 3215 in
598 3142 755 3216 frustulo
774 3143 848 3214 hoc
872 3143 1030 3227 haereas,
1053 3141 1113 3211 rel
1129 3155 1254 3211 nostra
1273 3133 1312 3205 fa·

335 3260 434 3329 cient
449 3257 667 3332 adversaria
685 3260 759 3357 (1),
784 3262 824 3330 in
846 3259 982 3357 quibus
1005 3253 1270 3354 ejusdemmodi
1282 3252 1312 3318 in

335 3366 473 3472 pineali
502 3372 677 3473 glandula
700 3379 892 3449 materiam
919 3400 1014 3473 saepe
1039 3374 1151 3445 nobis
1175 3373 1312 3466 aliisque

334 3485 1312 3595 animadversammemoravimus‚facientqueepistolae

334 3623 371 3679 at
387 3624 423 3679 te
443 3625 578 3681 nostrae
593 3610 663 3706 (2),
682 3609 816 3707 quibus
833 3611 873 3693 id
892 3608 1156 3692 confirmatum
1171 3603 1309 3681 videbis.

411 3730 422 3757 0

334 3779 1307 3808 w

375 3893 419 3969 (r)
438 3895 481 3947 vl
496 3891 594 3948 Anim.
606 3911 635 3966 9.

375 3991 419 4071 (a)
438 3994 524 4049 vln.
541 4009 592 4063 12,
609 3993 681 4048 Xn.
697 4011 747 4065 17,
761 3993 805 4049 XI
819 4010 849 4047 n.
866 4011 911 4048 11.
