2774 4666
205 460 273 507 mr.
300 461 324 507 1.
353 461 400 507 nu
425 456 562 505 nonus
587 426 739 521 omre,
764 457 876 505 rrrsr.
904 456 960 506 ιιι.
1017 462 1080 536 171

95 588 231 675 reperta
247 575 354 646 estin
367 587 454 645 etro
469 570 672 669 wegrnne,
691 571 758 669 qui
780 595 826 642 ex
844 585 1018 669 turgente
1036 572 1087 646 la-

95 693 194 769 terali
203 691 381 767 carendis
393 692 536 765 ariete
554 691 707 763 sinistro
725 715 850 781 ramo,
870 714 992 788 eoque
1008 691 1085 765 dis·

95 822 220 910 rupto,
242 810 315 885 late
343 806 501 897 effusus,
532 805 838 906 hemisphaerium
866 807 1011 879 cerebri
1037 811 1087 881 si·

94 931 241 1003 risuum
261 943 384 1001 totum
403 924 633 1023 undiquead
650 925 946 997 ventriculorum
966 950 1087 1025 usque

95 1044 289 1144 penetralia
311 1046 514 1117 vitiaverat.
540 1048 622 1114 Huc
650 1042 721 1113 alia
747 1059 1087 1141 accesseruntque

95 1161 239 1262 longum
265 1176 365 1235 esset
390 1159 615 1233 describere.
643 1159 724 1255 ¹Sed
753 1185 831 1230 non
858 1161 1088 1236 omittendus

96 1294 143 1353 est
174 1279 349 1355 immanis
382 1293 530 1367 tumor,
566 1279 654 1349 reni
674 1277 833 1369 sinistro
868 1276 1086 1365 adhaerens,

96 1421 216 1495 magna
242 1397 435 1497 sanguinis
465 1397 575 1494 copie
609 1395 764 1494 plenus,
794 1421 865 1468 nec
891 1397 971 1469 sine
998 1397 1087 1469 sub-

97 1517 219 1589 nantia
242 1513 406 1613 quadarn
435 1513 654 1586 lemellatim
676 1514 750 1585 sibi
772 1504 1028 1601 πωπω)
1046 1529 1090 1586 ut
1117 1502 1122 1511 ’

97 1633 337 1730 suspicionem
354 1657 507 1705 morere
519 1632 637 1730 possit
647 1630 916 1728 aueurysmetis
928 1632 971 1702 in
982 1652 1088 1703 ramo

98 1751 249 1846 quodam.
268 1750 495 1849 emulgentis
512 1742 682 1837 arteriae,
699 1751 765 1821 eui.
784 1750 913 1820 minus
931 1748 1089 1821 alterum

99 1865 216 1962 (velut
227 1892 348 1966 supra.
362 1867 435 1964 (ιι),
455 1866 502 1939 de
516 1860 738 1939 Ramaefiino
757 1867 874 1939 verba
892 1862 1090 1957 facientes,

100 1986 314 2080 conjecimus
331 1986 346 2083 )
362 1988 404 2057 in
423 1986 570 2057 laterali
589 1986 766 2058 can-otidis
788 2008 895 2057 ramo
920 1986 988 2056 illo
1012 2010 1091 2058 res-

100 2102 278 2195 ponderet.
310 2109 455 2175 Verum·
475 2103 763 2200 qualiscumque
780 2104 811 2172 is
828 2117 927 2174 esset
942 2116 1091 2191 tumor,

100 2217 179 2291 illud
207 2236 307 2293 certe
335 2223 467 2318 negari
494 2246 573 2292 non
593 2219 728 2307 dehet,
751 2243 922 2317 pressam
939 2219 986 2291 ab
1006 2221 1091 2318 ipse

100 2335 335 2411 incumbente.
361 2339 535 2411 arteriam
568 2354 711 2409 aortam
740 2337 867 2410 minus
900 2338 1091 2435 sanguinis
1199 2422 1205 2430 p

101 2454 279 2529 admittere
297 2458 487 2555 potuisse,
506 2455 669 2553 plusque
685 2455 771 2525 ideo
790 2454 838 2526 ed
857 2454 1090 2526 dilatandum

101 2571 261 2670 aliquod,
279 2590 317 2646 et
329 2573 496 2671 denique
509 2571 834 2672 perrumpendum
851 2572 997 2644 cerebri
1015 2597 1091 2663 vaS,

103 2713 236 2762 sursum
259 2690 511 2764 contendisse.
531 2694 616 2762 Haec
635 2680 749 2788 igitur
764 2690 795 2760 si
814 2689 926 2761 nobis
944 2690 984 2759 in
1004 2714 1091 2788 apo

102 2805 246 2901 plectico
265 2810 446 2908 quopiam
467 2824 557 2879 nota
571 2809 620 2879 sit
635 2805 827 2879 inferioris
836 2808 979 2877 arteriae
991 2831 1092 2887 corn·

103 2928 251 3018 pressio,
274 2922 355 2999 non
377 2925 490 2999 faciet
505 2948 640 3026 magna
660 2925 901 3023 quantumvis
919 2939 1027 3011 zetas,
1044 2950 1092 2995 ne

104 3045 325 3141 apoplexiam
355 3069 435 3117 esse
462 3069 610 3142 possea
638 3044 841 3142 sanguine,
865 3040 1090 3114 inficiemur.

104 3158 164 3232 Sua
180 3187 333 3262 quoque
346 3165 386 3234 in
400 3163 523 3261 legato
531 3160 809 3234 illoDenicode
820 3185 898 3259 quo
911 3184 1024 3259 supra
1039 3161 1093 3257 (α)

105 3281 232 3351 mentio
254 3282 393 3377 injecta
415 3296 488 3370 est,
507 3280 578 3351 alia
602 3280 727 3378 aliqua
747 3276 859 3351 fuerit
878 3277 1093 3378 dispositi0,

108 3396 357 3497 conjungenda
376 3423 463 3471 cum
483 3399 656 3495 jecinore
674 3397 730 3469 ad
745 3396 1022 3468 indurationem
1038 3403 1095 3466 in-

107 3496 261 3587 clinente.
280 3519 398 3589 Natus
409 3518 511 3588 enirn
526 3541 646 3588 annos
663 3531 829 3614 quatuor
847 3530 884 3588 et
902 3516 1094 3613 sexaginte

108 3623 293 3726 improvisa
309 3634 538 3707 resolutione
548 3635 689 3706 sinistri
699 3634 844 3734 lateris,
862 3647 900 3705 et
908 3657 997 3703 mox
1009 3656 1096 3730 apo·

142 3908 183 3987 (1)
198 3917 234 3971 n.
252 3918 279 3973 e.

142 4007 183 4086 (²)
199 4015 234 4071 N·
251 4035 296 4072 12·
