2798 4668
193 464 260 511 ma.
288 465 313 510 1.
341 463 388 511 na
415 462 962 529 mountscmr15‚m1sa.x11.
1014 443 1086 516 603

12 600 17 605 ·
75 589 207 647 turam
227 601 272 647 ex
292 600 334 646 ea
357 575 530 647 vertebra
550 577 705 674 prodire
717 579 799 675 ipsa
826 592 1009 675 nequeat,
1035 593 1091 649 ut-

74 708 172 792 pote
189 704 273 791 quae
294 707 373 764 tota
387 694 463 789 jam
480 695 525 765 sit
544 695 582 764 in
603 719 741 766 nervus
756 695 892 782 divisa3
907 696 1091 767 haesitasse

75 815 121 885 in
142 811 212 883 hac
233 813 346 909 Apin]
363 812 628 884 observatione
647 839 706 884 me
726 811 862 902 fateor,
880 839 959 884 non
984 837 1112 885 secuss

76 945 195 1026 atque
210 931 249 999 in
267 930 382 1001 altera
400 930 562 1028 quadam
584 929 869 1027 Schraderi(1)‚
889 934 956 1027 (ut
972 930 1019 1002 de
1030 931 1093 1001 illa

76 1048 275 1120 Brunneri
285 1034 411 1119 sileam
423 1100 432 1134 ‚
443 1073 526 1143 quae
537 1072 647 1146 supra
659 1047 878 1145 (a)1ndicata
895 1046 1092 1144 est)quan·

76 1187 197 1262 quam
208 1166 393 1237 contraria
402 1187 557 1261 prorsus
565 1163 612 1237 de
620 1188 741 1237 causa.
752 1163 981 1237 Schraderus
991 1165 1091 1235 enim

78 1281 125 1351 in
146 1281 426 1377 ejusdemmodi.
437 1297 607 1370 tumore,
627 1281 833 1379 eademque
844 1283 892 1379 ⁴in
908 1281 995 1354 sede
1012 1283 1093 1352 ani-

75 1398 395 1470 madvertendum
411 1399 591 1485 credidit,
617 1399 819 1471 medullam
836 1399 1017 1470 hacteuus
1033 1399 1093 1469 in-

77 1530 238 1613 tegram,
250 1516 392 1587 eumad
404 1516 547 1587 hiatum
562 1517 822 1589 vertebrarum
833 1516 1093 1615 perveniebat,

78 1631 138 1703 ibi
158 1658 391 1722 evanescere,
410 1630 450 1705 'et
466 1633 523 1705 nil
533 1636 876 1705 nut‘membra'nosa
901 1631 1093 1706 involucra

79 1748 304 1846 relinquere,
319 1751 370 1821 sic
389 1766 513 1821 tamen
529 1767 570 1822 ut
589 1758 627 1820 in
646 1752 822 1824 lateribus
835 1755 1012 1849 sparsim,
1028 1750 1096 1821 sed
1120 1796 1123 1801 ·

78 1865 237 1955 ordine,
255 1892 293 1937 se
301 1892 340 1937 ae
353 1870 540 1959 offerrent
548 1892 742 1939 nervorum
755 1893 802 1939 ex
817 1869 896 1966 ipsa
912 1890 1093 1964 mergen-

81 1988 177 2053 tium
188 1989 306 2054 initia.
321 1988 436 2083 Atqui
453 2011 512 2058 res
529 1985 679 2058 videtur
695 1984 904 2057 secundum
919 1974 1091 2073 naturam

81 2103 137 2172 aie
150 2099 335 2173 habuisse.
348 2103 522 2175 Medullia
534 2104 634 2174 enim
647 2119 818 2191 trunam,
831 2104 886 2176 uti
901 2101 1093 2188 dicebam,

80 2217 182 2291 ultra
191 2219 395 2290 secundam
405 2219 623 2292 lumborum
635 2222 930 2292 vertebramnon
942 2218 1096 2291 descen·

81 2335 232 2424 diu-sed
240 2335 314 2407 ort'i
320 2337 448 2432 jamex
456 2341 536 2435 ipsa
546 2340 652 2408 nervi
662 2340 701 2407 in
711 2338 826 2409 latera
838 2335 1094 2408 ordinesede·

86 2452 254 2525 mittunt.
272 2459 445 2526 Attamen
459 2479 546 2543 cum
564 2469 753 2525 tumorem
768 2453 880 2525 fuisse
890 2454 963 2524 aiat
973 2507 983 2541 ‚
995 2459 1094 2524 eirca

77 2576 312 2671 princmium
330 2573 589 2643 vertebrarum
606 2570 848 2657 lumbarium,
861 2567 943 2639 fieri
953 2586 1092 2666 potest,

82 2698 129 2759 ut
157 2711 243 2785 pars
268 2688 440 2759 medullae
459 2688 589 2757 infima
617 2702 681 2758 aut
710 2687 848 2784 liquata
879 2701 996 2773 esset,
1029 2703 1092 2759 aut

84 2824 235 2879 sursum
249 2820 418 2889 retracta.
437 2809 481 2875 In
504 2805 615 2903 Apini
631 2819 756 2877 autem
773 2802 990 2876 infamares
1005 2826 1094 2875 eon·

85 2938 147 2996 tra
166 2947 204 2995 se
233 2922 416 3011 habebat,
442 2922 607 2993 medulla
630 2921 728 2993 infra
757 2921 859 2994 illam
889 2923 1092 2995 secundam

84 3024 298 3112 vertebram
315 3065 394 3111 non
415 3041 534 3112 solum
555 3040 830 3127 descendente,
856 3038 924 3112 sed
950 3055 1092 3113 extror·
1117 3024 1120 3031 ¹

87 3174 172 3229 sum
194 3180 231 3229 se
245 3172 436 3248 vertente,
460 3161 551 3229 etin
569 3157 730 3229 mediam
748 3134 935 3230 intdrnam
961 3154 1090 3229 faciem

86 3272 266 3362 tumoris,
280 3278 347 3373 qui
364 3282 401 3345 in
415 3283 564 3374 regione
581 3292 659 3348 erat
674 3270 889 3350 ultimarum
902 3276 1092 3347 vertebra-

87 3408 171 3464 rum
193 3390 414 3464 lumbarium
431 3416 470 3465 se
488 3400 686 3479 maerente,
708 3392 1030 3493 quemadmodum
1048 3414 1093 3467 ex

87 3505 264 3589 iconibus
281 3510 390 3607 plane
404 3510 608 3608 intelliges,
625 3511 737 3610 longe
761 3511 895 3582 clarius
918 3509 1092 3582 exhibitis

89 3627 131 3699 in
149 3650 190 3697 ea
207 3627 330 3697 Caroli
348 3627 444 3698 Frid.
463 3627 737 3726 Hoechstetteri
750 3627 1009 3701 dissertatione
1016 3625 1092 3722 (3),
1185 3698 1188 3703 ,

131 3907 176 3985 (1)
196 3909 266 3965 Dec.
285 3927 317 3979 2,
334 3910 406 3966 Obs.
422 3913 510 3966 Anat.
524 3912 605 3969 Med.
624 3930 651 3969 ²·
695 3970 701 3987 ,

61 4082 67 4087 η
132 4004 177 4083 (a)
196 4009 234 4063 N.
251 4027 284 4082 9⁷
300 4009 398 4081 primo
412 4011 488 4066 loco.

133 4105 177 4183 (3)
196 4109 237 4166 Le
250 4106 340 4184 Spina
356 4106 458 4167 Bifida.
