2774 4670
192 452 261 499 m.
290 453 315 498 1.
345 453 391 497 nr
418 450 874 515 noee1sorr1r1s,er1sr.
902 453 935 496 x.
998 426 1070 499 511.

42 592 97 659 ao
112 566 186 653 illi,
204 580 241 637 et
258 561 374 636 ferme
393 564 505 634 etiam
522 563 673 658 juvenis
697 561 837 661 dequo
856 565 1069 661 loquimur,

41 707 273 781 quanquam
291 681 354 752 alii
371 681 493 769 aliter,
510 672 830 777 comprobarunt,
848 707 962 779 quam
980 688 1069 755 Cor·

42 800 177 874 nelius
197 801 326 874 Celsus
348 798 402 896 (ι)
421 799 469 869 ad
486 798 592 869 hunc
612 798 770 875 modum
790 799 977 873 reddidit:
1005 806 1067 874 Ea

40 918 151 990 mala
165 942 266 1015 soepe
284 922 385 987 iutro
403 931 581 1014 quartum
604 915 702 987 diem
728 915 866 989 tollunt
886 943 897 985 .·
914 924 948 1016 si
967 919 1067 990 huno
1182 986 1184 993 Α

40 1051 265 1124 evaserunt,
280 1040 359 1105 sine
371 1032 544 1131 periculo
570 1048 666 1104 sunt.
686 1031 785 1103 Alibi
803 1048 930 1105 tamen
951 1034 1066 1132 hujus

39 1152 179 1225 morbi
199 1150 316 1227 finem
334 1153 485 1248 longius
507 1151 774 1249 Hippocratem
790 1150 974 1223 distulisse
984 1156 1067 1225 iani·
1093 1165 1095 1168 ‘

39 1271 253 1343 madvertit
274 1261 511 1342 doctissimus
542 1269 763 1341 Swietenius
781 1267 857 1364 (2),
875 1254 945 1367 'qui
972 1271 1068 1363 dila--

39 1390 195 1459 tionem
233 1387 331 1458 hanc
363 1411 644 1483 nonnunquam
676 1386 872 1475 accidere,
891 1404 1063 1461 accurate

37 1508 206 1603 scripta,
227 1506 319 1575 etin
338 1504 534 1575 nonnullis
552 1528 640 1575 cum
654 1503 726 1575 hac
743 1504 921 1576 Valsalvae
934 1505 1063 1580 conle-

37 1622 188 1709 renda,
208 1623 325 1695 tetani
335 1622 599 1694 observatione
615 1620 864 1694 confirmavit.

95 1744 132 1826 4.
158 1740 305 1810 Rubras
321 1754 448 1811 autem
466 1739 651 1826 maculas,
665 1764 748 1837 quer
767 1740 892 1811 multae
909 1740 1061 1815 cadave-

35 1858 97 1930 ris
114 1869 240 1929 eutem
255 1853 468 1943 foedabant,
484 1879 533 1925 an
549 1854 758 1933 secundum
771 1858 991 1929 Boerhaavii
1001 1860 1059 1959 (3)
1119 1861 1120 1864 ’

37 1975 244 2072 placitaex
263 1997 311 2045 eo
325 1971 489 2044 deduces
514 1972 620 2070 quod
637 1973 795 2047 musculi
819 1982 928 2057 nimis
948 1980 1062 2075 rigidi

33 2096 264 2188 sanguinem
278 2089 549 2179 excludebant,
568 2091 676 2188 isque
686 2109 888 2191 propterea
905 2093 975 2166 sub
994 2121 1059 2169 cu-

35 2225 123 2281 tem
141 2232 216 2305 qua
232 2194 359 2279 minus
374 2208 511 2279 resistit
528 2209 710 2280 cell'nlosa
725 2213 875 2301 tunica,
895 2237 935 2284 se
951 2237 988 2287 se
1009 2213 1057 2287 el-

35 2325 253 2398 fundebat?
272 2351 360 2399 nam
374 2326 603 2423 pulmonum
621 2327 756 2417 rubor,
772 2331 880 2427 isque
898 2329 944 2401 ad
967 2331 1056 2402 dor-

35 2440 129 2545 sum
154 2444 292 2542 magis,
309 2446 514 2541 presertim
543 2468 632 2515 eum
657 2449 806 2544 sanguis
827 2448 939 2521 etiam
967 2467 1055 2546 post

34 2575 205 2632 mortem
224 2586 335 2633 sunm
361 2576 559 2633 conservat
586 2560 765 2651 fluorem,
785 2565 910 2637 minus
939 2564 1054 2640 hahet

32 2679 311 2752 admirationis.
329 2679 388 2751 Ob
402 2680 481 2776 ejus
493 2692 640 2771 autem,
659 2705 680 2749 a
697 2681 878 2753 musculis
892 2684 1032 2756 exclusi
1040 2726 1056 2775 ,-

32 2821 189 2869 morom
204 2797 352 2868 hicillie
361 2798 562 2893 majorem,
578 2798 830 2889 minoremve,
844 2797 1051 2873 faciliorem
1085 2796 1087 2801 ’
1176 2896 1181 2907 s

31 2938 191 3013 aquosae
202 2916 319 3013 partis
329 2915 577 2988 secretionem
590 2913 730 2989 factem*
741 2917 939 3017 intelliges,
950 2920 1051 2991 unde

32 3033 229 3132 plurimus
247 3032 310 3106 ille
329 3033 466 3122 sudor,
485 3049 522 3105 et
541 3035 581 3104 in
594 3059 684 3106 cava
700 3034 800 3124 haec,
817 3051 881 3107 aut
896 3036 959 3106 illa
977 3039 1049 3109 seri

32 3145 199 3247 effusio:
220 3152 293 3225 nisi
309 3150 384 3222 hoc
399 3153 517 3223 mavis
530 3152 582 3224 ibi
596 3150 799 3240 collectum
813 3153 966 3229 credere
980 3156 1049 3227 viis

31 3293 109 3368 per
128 3293 221 3365 quas
246 3269 422 3342 recedere
444 3264 653 3357 debuisset,
683 3271 929 3345 convulsione
956 3297 1049 3344 con-

32 3387 177 3461 tractis.
204 3385 318 3476 Quod
335 3389 365 3459 si
385 3386 488 3459 haud
510 3388 600 3460 alias
628 3386 741 3465 fuisse
772 3413 900 3462 causas
925 3393 1050 3488 suspi·
1120 3400 1123 3415 ¹

32 3503 152 3591 caris,
169 3503 220 3574 ob
233 3530 326 3603 quas
343 3528 469 3576 serum
485 3505 531 3577 sit
555 3505 596 3575 in
613 3506 772 3579 cerebro
789 3531 942 3605 quoque
968 3509 1047 3581 aui·

75 3802 121 3880 (1)
142 3804 187 3859 De
202 3804 309 3861 Medic.
324 3806 346 3860 l.
362 3812 395 3875 4,
414 3824 439 3861 c.
454 3804 482 3860 3.

73 3902 121 3979 (α)
142 3904 256 3960 Comm.
271 3903 303 3960 in
316 3901 422 3973 Boerh.
437 3900 516 3980 Aph.
530 3909 557 3975 s.
570 3922 638 3976 712.
655 3950 666 3985 n,

73 4003 121 4084 (3)
141 4005 270 4060 Praelect.
284 4006 377 4061 Acad.
392 4005 425 4061 in
438 4006 520 4064 Med.
533 4007 607 4062 lust.
624 4005 721 4078 5732.
