2774 4666
189 419 253 464 mu.
282 418 305 463 1.
335 417 380 462 nn
406 415 551 490 monins
567 413 723 478 caalrts,
748 388 866 460 norst)
887 415 942 460 111.
999 391 1065 487 193

85 543 135 602 est.
151 526 258 619 Quod
273 533 304 601 si
321 555 400 599 non
414 529 539 626 ipsum
560 543 671 597 aortae
690 542 867 597 truncum
884 526 1068 599 distentus

86 647 296 717 ventriculus
317 646 477 744 premit3
492 659 528 715 at
550 638 676 715 ramos
700 645 937 741 premittunt
960 670 1069 735 suos,

84 776 149 831 tum
162 763 251 834 alios
261 762 308 833 ab
321 765 401 860 ipsa
415 776 537 850 ortos,
551 777 587 832 et
602 762 723 831 motui
738 758 1071 860 obstatdiaphrag-

85 880 194 968 matis,
211 894 254 949 ut
270 882 397 951 minus
409 877 527 950 facilis
540 879 758 975 respiratio,
778 880 903 949 miuus
918 904 1071 976 quoquc

85 993 211 1068 facilem
242 998 433 1094 sanguinis
465 1021 486 1066 a
514 996 635 1093 capite
665 994 890 1065 raditionem
922 993 1069 1068 efficiat.

85 1111 130 1182 ld
143 1113 361 1183 memoriam
380 1137 481 1183 nunc
498 1136 591 1182 voca
606 1137 689 1208 quae
702 1126 834 1181 natura
847 1111 1072 1201 instituerit,

86 1242 119 1298 ut
135 1230 276 1301 minore
291 1231 456 1326 impetu,
478 1245 515 1299 et
532 1226 637 1324 quod
653 1230 919 1324 consequitur:
941 1228 1073 1299 celeri-

86 1358 146 1415 tate
162 1361 197 1418 et
213 1348 321 1444 copia
339 1348 488 1444 sanguis
505 1347 544 1414 in
563 1344 762 1416 cerebrum
779 1343 962 1416 ferretur:
982 1371 1074 1441 quo-

87 1486 157 1532 rum
174 1479 260 1536 sunt
277 1464 457 1561 pleraque
474 1488 495 1533 a
512 1462 623 1534 nobis
641 1489 752 1561 supra
770 1462 825 1560 (1)
845 1460 1103 1535 commemo-s

87 1594 162 1650 rata.
177 1574 233 1651 ste*
251 1582 352 1653 enim
367 1581 500 1652 melius
516 1581 718 1678 intelliges,
737 1596 841 1651 tanto
856 1578 1017 1669 facilins,
1031 1584 1075 1654 iis

88 1684 247 1771 omnihus
264 1700 394 1796 positis
418 1724 500 1796 quae
523 1697 640 1769 modo
664 1697 900 1798 dicebamus,
921 1723 1097 1796 congess
1163 1740 1166 1777 i

88 1814 186 1887 tionis
204 1818 395 1914 sanguinis
410 1817 463 1888 ibi
486 1842 564 1889 esse
582 1817 812 1915 periculum,
832 1833 976 1913 quanto
1000 1843 1076 1888 ma-

89 1933 133 2028 gis
147 1932 216 2004 hoc
232 1951 367 2005 natura
383 1935 502 2005 voluit
519 1932 716 2005 declinare.
739 1934 852 2024 Quod
874 1936 904 2005 si
921 1959 997 2006 una
1012 1936 1077 2005 ali-

88 2073 153 2143 qua
168 2077 210 2123 ex
229 2053 302 2125 illis
322 2051 436 2124 rebus
459 2077 554 2149 quas
573 2067 707 2124 natura
732 2052 792 2122 vel
815 2052 863 2124 ab
889 2068 979 2124 ortu
994 2056 1076 2151 ipso

88 2166 249 2258 instituit,
264 2186 420 2258 mutata,
437 2185 479 2242 ut
496 2195 582 2241 cum
601 2172 750 2268 sanguis
767 2170 816 2241 ob
834 2170 986 2243 brevius
1007 2174 1078 2245 iter

88 2286 206 2380 majori
222 2314 308 2360 cum
325 2290 470 2387 impetu
486 2288 533 2359 ad
558 2288 755 2360 cerebrum
776 2291 962 2386 pervenit,
986 2312 1077 2387 que·

89 2402 318 2478 madmodum
334 2408 374 2477 in
394 2408 438 2478 iis
459 2408 531 2502 qui
544 2407 720 2479 breviore
738 2423 825 2478 sunt
842 2407 941 2477 collo
965 2408 1077 2505 (par-

90 2520 220 2594 vicolles
233 2524 365 2597 Caelius
380 2523 435 2619 (a)
452 2524 634 2619 vocabat)
652 2540 852 2622 propterca
868 2527 1078 2621 sanguineae

92 2635 247 2713 obnoxiis
261 2643 483 2740 apoplexiae,
498 2641 603 2712 facile
614 2643 789 2713 accidunt
800 2644 839 2713 in
857 2642 1002 2713 cerebri
1017 2669 1081 2729 vaf

92 2755 133 2826 sis
147 2756 410 2857 disruptiones,
426 2785 506 2829 non
517 2760 632 2829 modo
643 2761 855 2858 sanguineis
870 2761 1080 2857 congestio·

93 2895 166 2962 nes,
183 2893 323 2974 quanto
340 2877 397 2949 hac
414 2875 558 2948 facilius
574 2876 813 2974 contingent,
828 2900 914 2949 cum
925 2894 1081 2975 repente

93 2989 288 3067 iu'homine
299 2996 450 3093 qualem
461 2994 744 3091 descripsimus,
756 2996 886 3092 plures
898 2996 1008 3067 simul
1022 3022 1082 3068 res

94 3109 343 3185 mutabuntur!
365 3113 422 3184 Ad
446 3136 507 3183 eas
532 3113 633 3182 enim
660 3134 753 3209 quas
777 3112 956 3200 diximus,
983 3112 1083 3184 hanc

95 3227 191 3298 etiam
207 3230 320 3320 adde,
337 3257 420 3327 qnae
439 3256 484 3301 ex
499 3230 572 3301 illis
594 3229 784 3327 colligitur
801 3246 838 3302 et
856 3231 1026 3329 Ridleyi,
1047 3248 1085 3302 et

94 3349 217 3420 nostris
240 3346 628 3420 animadversionibus
651 3349 741 3419 olim
762 3350 935 3422 indicatis
951 3351 1022 3448 (3),
1049 3365 1088 3424 et

95 3459 134 3531 ab
154 3466 299 3538 sinuum
314 3466 540 3565 quibusdam
564 3469 671 3565 quasi
688 3466 935 3556 diverticulis,
957 3484 994 3540 et
1016 3469 1085 3539 du-

189 3876 221 3931 L.
239 3897 272 3948 a,
290 3878 342 3934 cit.
360 3879 451 3952 paulo
466 3898 572 3953 supra,
591 3900 617 3936 c.
636 3900 680 3936 ra.

190 3977 312 4034 Advers.
333 3977 367 4048 6,
384 3977 483 4033 duim.
504 3979 531 4033 6.
