2784 4668
295 470 362 519 120
460 472 507 518 DE
532 472 688 521 SEDlBUS'
703 472 748 520 ΕΤ
772 472 898 523 cauus
923 474 1133 527 MQRBORUM

270 642 271 647 ,
343 581 398 655 15.
430 587 551 655 Senex
574 580 728 683 quidem
764 575 894 658 multo'
915 601 1002 659 ante
1033 588 1180 661 obitum
1211 605 1297 663 tem·
1381 658 1382 665 ,

288 726 383 799 pore
399 698 598 774 affectione
617 704 853 801 apoplectica
868 721 1065 804 correptus
1081 704 1226 796 fuerat,
1250 709 1294 800 ab

290 843 407 916 eaque
430 833 510 891 tota
538 821 712 917 corporis
733 845 821 919 pars
845 821 997 915 dextera
1020 825 1226 923 paralytica
1244 851 1297 898 re·
1334 858 1336 861 ·

289 951 488 1008 manserat.

338 1054 536 1126 Cadaveris
558 1070 707 1127 exsecto
731 1057 881 1146 cranio,
898 1081 1051 1130 corrosa
1072 1061 1227 1131 inventa
1243 1074 1297 1133 est

288 1196 375 1271 pars
396 1169 553 1243 inferior
577 1172 778 1244 ventriculi
804 1175 965 1264 sinistri,
986 1199 1073 1246 cum
1092 1199 1163 1247 suo
1183 1176 1297 1275 plexu

288 1290 495 1379 choroide,
513 1291 612 1361 circa
625 1315 738 1386 quem
762 1290 955 1389 polyposae
973 1307 1081 1364 erant
1102 1296 1297 1391 sanguinis

287 1408 569 1496 concretiones3
582 1422 624 1479 ut
638 1407 834 1504 apoplexia
848 1406 912 1478 illa
921 1409 1107 1507 originem
1121 1409 1296 1484 habuisse

287 1525 480 1597 videretur
496 1524 544 1597 ab
558 1526 756 1647 utriusque
767 1525 1009 1613 corrosione,
1030 1541 1067 1598 et
1081 1552 1102 1598 a
1115 1530 1296 1627 sanguine

288 1645 542 1744 proptereain
554 1643 754 1715 ventriculi
775 1667 907 1715 cavum
919 1640 1053 1715 effuso.

342 1760 395 1832 16.
417 1761 454 1830 si
472 1759 644 1830 Valsalva
669 1760 709 1829 in
730 1758 803 1830 hac
822 1759 979 1845 historia
1000 1761 1187 1834 mirabilia
1205 1765 1296 1835 scri-
1381 1800 1382 1803 ¹

287 1879 379 1949 bere
399 1877 568 1963 videtur,
582 1876 705 1948 multo
721 1875 954 1951 videbuntur
969 1878 1203 1953 mirabiliora
1214 1907 1295 1979 quae

288 2006 334 2068 ex
355 1992 706 2094 gravissimoaltero
719 1995 911 2093 scriptore
926 1994 1102 2096 Wepsero
1116 2000 1156 2068 in
1169 2000 1295 2097 Sepul-

289 2114 461 2184 chretum
487 2111 651 2208 (1)sunt
678 2111 819 2183 relata:
838 2115 878 2185 in
899 2115 1019 2188 nobili
1038 2115 1205 2213 quodam
1226 2120 1294 2187 Po-
1381 2204 1382 2209 ἵ

224 2313 225 2317 ¹
256 2210 258 2215 ,
287 2233 380 2303 lono
410 2236 504 2307 citra
535 2230 803 2329 apoplexiam,
828 2244 907 2303 *aut
933 2233 1050 2305 aliam
1078 2240 1294 2332 graviorum
1381 2240 1382 2243 ’

287 2363 577 2449 spnpromatam
604 2347 813 2437 colluviem,
836 2376 915 2427 non
941 2353 1064 2424 solum
1088 2354 1188 2425 intra
1213 2377 1294 2425 cra·
1381 2356 1382 2447 f

185 2552 187 2557 ,
287 2470 418 2555 nium,
436 2469 727 2564 meningesque,
745 2466 933 2541 sedetiam
947 2475 986 2541 ia
1000 2475 1139 2569 arsam,
1159 2484 1201 2542 ut
1222 2472 1293 2559 ait,
1381 2476 1382 2479 ’

288 2584 432 2656 cerebri
450 2585 714 2671 substantiam,
736 2590 889 2657 innoxie
905 2589 1193 2680 effusumficbse
1210 2614 1293 2661 saa·
1381 2580 1382 2583 ¹

285 2711 446 2800 guinem.
462 2706 693 2790 Astmerito,
710 2703 834 2801 inquit
849 2706 881 2776 is
891 2705 958 2802 qui
968 2706 1186 2804 exscripsit,
1201 2713 1296 2778 inter

285 2828 476 2893 rarissima
491 2820 586 2892 talia
592 2802 680 2891 cum
688 2818 865 2918 Wepfero
876 2822 959 2918 ipso
973 2825 1175 2915 refirrimas.
1183 2829 1297 2896 Brun.

210 2947 212 2951 ’
284 2965 402 3011 uerus
421 2937 478 3035 (a)
495 2952 641 3027 tamen,
661 2939 740 3009 acri
758 2939 818 3008 vir
837 2938 1000 3033 judicio,
1018 2941 1058 3011 in
1082 2965 1125 3011 ea
1139 2967 1296 3040 quoque
1381 2940 1382 2945 ’

176 3122 178 3125 ,
285 3057 445 3136 muliere
473 3056 580 3152 cujus
615 3054 855 3154 apoplexiam
884 3057 992 3129 annis
1016 3059 1296 3156 propemodum

286 3175 456 3271 quinque
475 3187 561 3244 ante
580 3172 754 3267 ejusdem
774 3189 935 3247 mortem
954 3191 1170 3267 curaverat,
1191 3178 1295 3249 exiis

286 3315 368 3387 quae
386 3290 462 3360 sive
480 3289 520 3357 in
538 3289 688 3361 vivente
697 3289 1030 3380 animadverterat,
1049 3293 1178 3365 sivein
1192 3318 1294 3364 mor·

285 3425 358 3478 tuae
372 3404 531 3478 cerebro
548 3405 819 3505 deprehendit,
832 3425 1057 3508 argumenta
1080 3412 1159 3481 non
1180 3411 1293 3484 dubi-

284 3526 375 3596 tavit
401 3523 602 3623 colligere,
627 3523 875 3621 quamobrem
897 3527 938 3597 in
956 3526 1104 3599 cerebri
1123 3528 1290 3622 ejusdem

287 3641 531 3745 substantiam
543 3639 682 3713 effusus
694 3644 851 3745 sanguis
860 3644 938 3739 jam
958 3658 1040 3716 tum
1057 3641 1171 3717 fuisse
1188 3644 1290 3716 vide·
1381 3660 1382 3667 ’

324 3927 368 4005 (1)
390 3922 489 3984 Schol.
505 3926 543 3981 ad
557 3925 621 3980 obs.
639 3923 702 3980 tin
718 3922 820 3995 Addit.
836 3925 875 3981 ad
890 3936 961 3983 sect.
976 3943 1008 4000 a,
1020 3926 1040 3983 l.
1057 3945 1083 3982 1.
1140 3980 1144 3985 ,

323 4027 367 4108 (a)
387 4027 464 4083 lbid.
478 4026 509 4082 in
521 4021 620 4081 Schol.
639 4025 678 4083 ad
689 4024 753 4082 obs.
776 4042 826 4098 ia,
837 4043 868 4099 n,
880 4024 910 4085 3.
