<?xml version="1.0" encoding="UTF-8"?>
<!DOCTYPE html PUBLIC "-//W3C//DTD XHTML 1.0 Transitional//EN"
    "http://www.w3.org/TR/xhtml1/DTD/xhtml1-transitional.dtd">
<html xmlns="http://www.w3.org/1999/xhtml" xml:lang="en" lang="en">
 <head>
  <title>
</title>
<meta http-equiv="Content-Type" content="text/html;charset=utf-8" />
  <meta name='ocr-system' content='tesseract 3.04.00' />
  <meta name='ocr-capabilities' content='ocr_page ocr_carea ocr_par ocr_line ocrx_word'/>
</head>
<body>
  <div class='ocr_page' id='page_1' title='image "./desedibusetcaus06adelgoog_0298.png"; bbox 0 0 2780 4666; ppageno 0'>
   <div class='ocr_carea' id='block_1_1' title="bbox 211 433 1071 515">
    <p class='ocr_par' dir='ltr' id='par_1_1' title="bbox 211 433 1071 515">
     <span class='ocr_line' id='line_1_1' title="bbox 211 433 1071 515; baseline 0.01 -19"><span class='ocrx_word' id='word_1_1' title='bbox 211 452 278 497; x_wconf 82' lang='lat' dir='ltr'>mr.</span> <span class='ocrx_word' id='word_1_2' title='bbox 305 450 330 497; x_wconf 89' lang='lat'>1.</span> <span class='ocrx_word' id='word_1_3' title='bbox 357 449 880 515; x_wconf 76' lang='lat' dir='ltr'>namonrrscrrrrrs,m1sr.</span> <span class='ocrx_word' id='word_1_4' title='bbox 908 456 940 501; x_wconf 85' lang='lat' dir='ltr'>v.</span> <span class='ocrx_word' id='word_1_5' title='bbox 1003 433 1071 505; x_wconf 81' lang='lat'>283</span> 
     </span>
    </p>
   </div>
   <div class='ocr_carea' id='block_1_2' title="bbox 83 562 1133 3702">
    <p class='ocr_par' dir='ltr' id='par_1_2' title="bbox 83 562 1133 3702">
     <span class='ocr_line' id='line_1_2' title="bbox 88 562 1069 659; baseline 0.005 -24"><span class='ocrx_word' id='word_1_6' title='bbox 88 564 157 635; x_wconf 86' lang='lat' dir='ltr'>Nec</span> <span class='ocrx_word' id='word_1_7' title='bbox 171 577 294 651; x_wconf 84' lang='lat' dir='ltr'>tamen</span> <span class='ocrx_word' id='word_1_8' title='bbox 312 577 423 659; x_wconf 76' lang='lat' dir='ltr'>puta,</span> <span class='ocrx_word' id='word_1_9' title='bbox 442 587 513 659; x_wconf 82' lang='lat' dir='ltr'>pro</span> <span class='ocrx_word' id='word_1_10' title='bbox 529 562 665 637; x_wconf 79' lang='lat' dir='ltr'>morbo</span> <span class='ocrx_word' id='word_1_11' title='bbox 682 563 826 638; x_wconf 81' lang='lat' dir='ltr'>anobis</span> <span class='ocrx_word' id='word_1_12' title='bbox 837 591 914 636; x_wconf 87' lang='lat' dir='ltr'>non</span> <span class='ocrx_word' id='word_1_13' title='bbox 928 565 1069 640; x_wconf 85' lang='lat' dir='ltr'>haberi.</span> 
     </span>
     <span class='ocr_line' id='line_1_3' title="bbox 87 678 1073 778; baseline 0.006 -28"><span class='ocrx_word' id='word_1_14' title='bbox 87 678 246 767; x_wconf 63' lang='lat' dir='ltr'>liabetur</span> <span class='ocrx_word' id='word_1_15' title='bbox 267 679 388 768; x_wconf 76' lang='lat' dir='ltr'>enim3</span> <span class='ocrx_word' id='word_1_16' title='bbox 416 679 481 753; x_wconf 89' lang='lat' dir='ltr'>sed</span> <span class='ocrx_word' id='word_1_17' title='bbox 508 705 578 778; x_wconf 71' lang='lat' dir='ltr'>pra</span> <span class='ocrx_word' id='word_1_18' title='bbox 603 681 762 772; x_wconf 71' lang='lat' dir='ltr'>morbo,</span> <span class='ocrx_word' id='word_1_19' title='bbox 795 683 900 778; x_wconf 85' lang='lat' dir='ltr'>cujus</span> <span class='ocrx_word' id='word_1_20' title='bbox 919 681 1073 756; x_wconf 84' lang='lat' dir='ltr'>effectus</span> 
     </span>
     <span class='ocr_line' id='line_1_4' title="bbox 88 795 1072 895; baseline -0.006 -17"><span class='ocrx_word' id='word_1_21' title='bbox 88 795 299 892; x_wconf 70' lang='lat' dir='ltr'>perobscuri</span> <span class='ocrx_word' id='word_1_22' title='bbox 314 811 350 874; x_wconf 81' lang='lat' dir='ltr'>et</span> <span class='ocrx_word' id='word_1_23' title='bbox 364 796 615 885; x_wconf 67' lang='lat' dir='ltr'>incernam,</span> <span class='ocrx_word' id='word_1_24' title='bbox 627 798 968 895; x_wconf 25' lang='lat' dir='ltr'>«quodaliasnullin</span> <span class='ocrx_word' id='word_1_25' title='bbox 982 801 1072 872; x_wconf 86' lang='lat' dir='ltr'>alias</span> 
     </span>
     <span class='ocr_line' id='line_1_5' title="bbox 87 912 1073 1014; baseline 0.007 -32"><span class='ocrx_word' id='word_1_26' title='bbox 87 912 160 995; x_wconf 85' lang='lat' dir='ltr'>allis</span> <span class='ocrx_word' id='word_1_27' title='bbox 176 913 431 1010; x_wconf 70' lang='lat' dir='ltr'>praeeuntibus</span> <span class='ocrx_word' id='word_1_28' title='bbox 450 916 780 1013; x_wconf 82' lang='lat' dir='ltr'>symptomatibus,</span> <span class='ocrx_word' id='word_1_29' title='bbox 803 916 966 1014; x_wconf 86' lang='lat' dir='ltr'>aliasque</span> <span class='ocrx_word' id='word_1_30' title='bbox 994 917 1073 989; x_wconf 87' lang='lat' dir='ltr'>aliis</span> 
     </span>
     <span class='ocr_line' id='line_1_6' title="bbox 87 1028 1073 1122; baseline -0.003 -13"><span class='ocrx_word' id='word_1_31' title='bbox 87 1028 290 1122; x_wconf 78' lang='lat' dir='ltr'>cnnjunctis</span> <span class='ocrx_word' id='word_1_32' title='bbox 321 1029 466 1105; x_wconf 78' lang='lat' dir='ltr'><strong>cerebri</strong></span> <span class='ocrx_word' id='word_1_33' title='bbox 487 1033 603 1122; x_wconf 76' lang='lat' dir='ltr'>vitiis,</span> <span class='ocrx_word' id='word_1_34' title='bbox 632 1048 812 1104; x_wconf 81' lang='lat' dir='ltr'>occurrat.</span> <span class='ocrx_word' id='word_1_35' title='bbox 842 1039 886 1104; x_wconf 76' lang='lat' dir='ltr'>Et</span> <span class='ocrx_word' id='word_1_36' title='bbox 910 1033 1073 1107; x_wconf 77' lang='lat' dir='ltr'>loannes</span> 
     </span>
     <span class='ocr_line' id='line_1_7' title="bbox 89 1143 1106 1240; baseline -0.003 -15"><span class='ocrx_word' id='word_1_37' title='bbox 89 1143 232 1240; x_wconf 69' lang='lat' dir='ltr'>quidem</span> <span class='ocrx_word' id='word_1_38' title='bbox 243 1146 500 1237; x_wconf 71' lang='lat' dir='ltr'>salamannus,</span> <span class='ocrx_word' id='word_1_39' title='bbox 513 1149 698 1239; x_wconf 68' lang='lat' dir='ltr'>medicus,</span> <span class='ocrx_word' id='word_1_40' title='bbox 710 1150 799 1222; x_wconf 90' lang='lat' dir='ltr'>dum</span> <span class='ocrx_word' id='word_1_41' title='bbox 813 1152 971 1237; x_wconf 81' lang='lat' dir='ltr'>viveret,</span> <span class='ocrx_word' id='word_1_42' title='bbox 987 1150 1072 1222; x_wconf 87' lang='lat' dir='ltr'><strong>doc·</strong></span> <span class='ocrx_word' id='word_1_43' title='bbox 1104 1172 1106 1184; x_wconf 91' lang='grc'><strong><em>·</em></strong></span> 
     </span>
     <span class='ocr_line' id='line_1_8' title="bbox 88 1262 1098 1369; baseline -0.007 -26"><span class='ocrx_word' id='word_1_44' title='bbox 88 1262 238 1345; x_wconf 58' lang='lat' dir='ltr'>fitslmus</span> <span class='ocrx_word' id='word_1_45' title='bbox 256 1263 297 1341; x_wconf 87' lang='lat' dir='ltr'>in</span> <span class='ocrx_word' id='word_1_46' title='bbox 316 1264 574 1369; x_wconf 80' lang='lat' dir='ltr'>dissertatione</span> <span class='ocrx_word' id='word_1_47' title='bbox 590 1267 637 1339; x_wconf 84' lang='lat' dir='ltr'>de</span> <span class='ocrx_word' id='word_1_48' title='bbox 658 1266 849 1351; x_wconf 69' lang='lat' dir='ltr'>Glandula</span> <span class='ocrx_word' id='word_1_49' title='bbox 859 1267 1007 1364; x_wconf 79' lang='lat' dir='ltr'>pineali</span> <span class='ocrx_word' id='word_1_50' title='bbox 1021 1267 1074 1337; x_wconf 83' lang='lat' dir='ltr'>la·</span> <span class='ocrx_word' id='word_1_51' title='bbox 1097 1279 1098 1283; x_wconf 75' lang='grc'>’</span> 
     </span>
     <span class='ocr_line' id='line_1_9' title="bbox 83 1378 1072 1483; baseline 0 -28"><span class='ocrx_word' id='word_1_52' title='bbox 83 1378 306 1475; x_wconf 71' lang='lat' dir='ltr'>pidetoente,</span> <span class='ocrx_word' id='word_1_53' title='bbox 317 1397 517 1480; x_wconf 70' lang='lat' dir='ltr'>postquam</span> <span class='ocrx_word' id='word_1_54' title='bbox 526 1384 759 1483; x_wconf 81' lang='lat' dir='ltr'>diligentius,</span> <span class='ocrx_word' id='word_1_55' title='bbox 769 1409 882 1481; x_wconf 86' lang='lat' dir='ltr'>quarn</span> <span class='ocrx_word' id='word_1_56' title='bbox 893 1383 1072 1455; x_wconf 85' lang='lat' dir='ltr'>hactenus</span> 
     </span>
     <span class='ocr_line' id='line_1_10' title="bbox 90 1496 1073 1598; baseline -0.003 -24"><span class='ocrx_word' id='word_1_57' title='bbox 90 1496 297 1594; x_wconf 79' lang='lat' dir='ltr'>quisquam,</span> <span class='ocrx_word' id='word_1_58' title='bbox 313 1497 428 1573; x_wconf 85' lang='lat' dir='ltr'>ferme</span> <span class='ocrx_word' id='word_1_59' title='bbox 439 1502 585 1590; x_wconf 84' lang='lat' dir='ltr'>omnia,</span> <span class='ocrx_word' id='word_1_60' title='bbox 597 1516 779 1598; x_wconf 80' lang='lat' dir='ltr'>qnaetunc</span> <span class='ocrx_word' id='word_1_61' title='bbox 794 1501 985 1589; x_wconf 81' lang='lat' dir='ltr'><strong>extabant,</strong></span> <span class='ocrx_word' id='word_1_62' title='bbox 998 1502 1073 1571; x_wconf 88' lang='lat' dir='ltr'>cal-</span> 
     </span>
     <span class='ocr_line' id='line_1_11' title="bbox 90 1612 1073 1716; baseline -0.001 -25"><span class='ocrx_word' id='word_1_63' title='bbox 90 1612 211 1693; x_wconf 66' lang='lat' dir='ltr'>culare</span> <span class='ocrx_word' id='word_1_64' title='bbox 224 1616 309 1712; x_wconf 76' lang='lat' dir='ltr'>ejus</span> <span class='ocrx_word' id='word_1_65' title='bbox 330 1617 512 1715; x_wconf 75' lang='lat' dir='ltr'>glandula</span> <span class='ocrx_word' id='word_1_66' title='bbox 533 1618 684 1716; x_wconf 71' lang='lat' dir='ltr'>pellegit</span> <span class='ocrx_word' id='word_1_67' title='bbox 710 1618 895 1716; x_wconf 80' lang='lat' dir='ltr'>exempla,</span> <span class='ocrx_word' id='word_1_68' title='bbox 919 1619 1073 1690; x_wconf 79' lang='lat' dir='ltr'>minima</span> 
     </span>
     <span class='ocr_line' id='line_1_12' title="bbox 90 1726 1072 1833; baseline -0.003 -26"><span class='ocrx_word' id='word_1_69' title='bbox 90 1726 259 1810; x_wconf 79' lang='lat' dir='ltr'>dubitavit</span> <span class='ocrx_word' id='word_1_70' title='bbox 279 1732 355 1830; x_wconf 81' lang='lat'>(1),</span> <span class='ocrx_word' id='word_1_71' title='bbox 382 1736 475 1833; x_wconf 88' lang='lat' dir='ltr'>quin</span> <span class='ocrx_word' id='word_1_72' title='bbox 497 1735 671 1811; x_wconf 84' lang='lat' dir='ltr'>dolorum</span> <span class='ocrx_word' id='word_1_73' title='bbox 696 1735 826 1833; x_wconf 82' lang='lat' dir='ltr'>eapitis</span> <span class='ocrx_word' id='word_1_74' title='bbox 858 1735 1072 1825; x_wconf 81' lang='lat' dir='ltr'>intolerabi·</span> 
     </span>
     <span class='ocr_line' id='line_1_13' title="bbox 91 1843 1075 1950; baseline 0.001 -27"><span class='ocrx_word' id='word_1_75' title='bbox 91 1843 189 1935; x_wconf 72' lang='lat' dir='ltr'>lium,</span> <span class='ocrx_word' id='word_1_76' title='bbox 204 1865 270 1926; x_wconf 82' lang='lat' dir='ltr'>aut</span> <span class='ocrx_word' id='word_1_77' title='bbox 288 1849 462 1923; x_wconf 77' lang='lat' dir='ltr'>tatuitaeis</span> <span class='ocrx_word' id='word_1_78' title='bbox 480 1876 590 1943; x_wconf 72' lang='lat' dir='ltr'>cauea</span> <span class='ocrx_word' id='word_1_79' title='bbox 605 1853 686 1950; x_wconf 89' lang='lat' dir='ltr'>ipsa</span> <span class='ocrx_word' id='word_1_80' title='bbox 703 1850 815 1933; x_wconf 78' lang='lat' dir='ltr'>fuerit</span> <span class='ocrx_word' id='word_1_81' title='bbox 832 1866 911 1923; x_wconf 85' lang='lat' dir='ltr'>tota</span> <span class='ocrx_word' id='word_1_82' title='bbox 929 1850 1075 1949; x_wconf 87' lang='lat' dir='ltr'>lapidea</span> 
     </span>
     <span class='ocr_line' id='line_1_14' title="bbox 92 1957 1074 2065; baseline -0.002 -27"><span class='ocrx_word' id='word_1_83' title='bbox 92 1957 172 2040; x_wconf 81' lang='lat' dir='ltr'>faeta</span> <span class='ocrx_word' id='word_1_84' title='bbox 190 1964 229 2041; x_wconf 86' lang='lat' dir='ltr'>in</span> <span class='ocrx_word' id='word_1_85' title='bbox 247 1967 332 2041; x_wconf 79' lang='lat' dir='ltr'>viro</span> <span class='ocrx_word' id='word_1_86' title='bbox 347 1992 367 2038; x_wconf 89' lang='lat' dir='ltr'>a</span> <span class='ocrx_word' id='word_1_87' title='bbox 382 1965 511 2042; x_wconf 76' lang='lat' dir='ltr'>rteitto</span> <span class='ocrx_word' id='word_1_88' title='bbox 530 1968 630 2065; x_wconf 85' lang='lat' dir='ltr'>apud</span> <span class='ocrx_word' id='word_1_89' title='bbox 647 1967 920 2063; x_wconf 72' lang='lat' dir='ltr'>Sehenckium·‚</span> <span class='ocrx_word' id='word_1_90' title='bbox 941 1968 981 2037; x_wconf 91' lang='lat' dir='ltr'>in</span> <span class='ocrx_word' id='word_1_91' title='bbox 999 1968 1074 2039; x_wconf 84' lang='lat' dir='ltr'>vir-</span> 
     </span>
     <span class='ocr_line' id='line_1_15' title="bbox 92 2079 1074 2183; baseline -0.003 -25"><span class='ocrx_word' id='word_1_92' title='bbox 92 2079 165 2174; x_wconf 77' lang='lat' dir='ltr'>gine</span> <span class='ocrx_word' id='word_1_93' title='bbox 184 2083 480 2157; x_wconf 67' lang='lat' dir='ltr'>a‘Drelincurtio</span> <span class='ocrx_word' id='word_1_94' title='bbox 501 2086 604 2182; x_wconf 89' lang='lat' dir='ltr'>apud</span> <span class='ocrx_word' id='word_1_95' title='bbox 623 2089 859 2183; x_wconf 84' lang='lat' dir='ltr'>Mangetum‚</span> <span class='ocrx_word' id='word_1_96' title='bbox 882 2085 922 2155; x_wconf 91' lang='lat' dir='ltr'>in</span> <span class='ocrx_word' id='word_1_97' title='bbox 946 2108 1074 2156; x_wconf 80' lang='lat' dir='ltr'>senaa</span> 
     </span>
     <span class='ocr_line' id='line_1_16' title="bbox 91 2196 1074 2301; baseline 0 -29"><span class='ocrx_word' id='word_1_98' title='bbox 91 2196 229 2296; x_wconf 79' lang='lat' dir='ltr'>llingio,</span> <span class='ocrx_word' id='word_1_99' title='bbox 242 2216 287 2275; x_wconf 89' lang='lat' dir='ltr'>ut</span> <span class='ocrx_word' id='word_1_100' title='bbox 295 2215 349 2275; x_wconf 85' lang='lat' dir='ltr'>est</span> <span class='ocrx_word' id='word_1_101' title='bbox 358 2203 398 2274; x_wconf 89' lang='lat' dir='ltr'>in</span> <span class='ocrx_word' id='word_1_102' title='bbox 410 2204 509 2274; x_wconf 76' lang='lat' dir='ltr'>Actis</span> <span class='ocrx_word' id='word_1_103' title='bbox 522 2203 663 2301; x_wconf 84' lang='lat' dir='ltr'>Anglic.</span> <span class='ocrx_word' id='word_1_104' title='bbox 680 2202 923 2300; x_wconf 86' lang='lat' dir='ltr'>deprehensa.</span> <span class='ocrx_word' id='word_1_105' title='bbox 934 2206 1074 2274; x_wconf 88' lang='lat' dir='ltr'>Verum</span> 
     </span>
     <span class='ocr_line' id='line_1_17' title="bbox 92 2310 1133 2417; baseline 0.003 -30"><span class='ocrx_word' id='word_1_106' title='bbox 92 2310 193 2391; x_wconf 78' lang='lat' dir='ltr'>Psailii</span> <span class='ocrx_word' id='word_1_107' title='bbox 209 2319 304 2416; x_wconf 86' lang='lat' dir='ltr'>lapis</span> <span class='ocrx_word' id='word_1_108' title='bbox 318 2345 366 2391; x_wconf 89' lang='lat' dir='ltr'>an</span> <span class='ocrx_word' id='word_1_109' title='bbox 383 2319 560 2417; x_wconf 83' lang='lat' dir='ltr'>glandula</span> <span class='ocrx_word' id='word_1_110' title='bbox 576 2322 645 2392; x_wconf 87' lang='lat' dir='ltr'>ista</span> <span class='ocrx_word' id='word_1_111' title='bbox 660 2314 790 2409; x_wconf 78' lang='lat' dir='ltr'>luerit,</span> <span class='ocrx_word' id='word_1_112' title='bbox 812 2344 890 2390; x_wconf 87' lang='lat' dir='ltr'>non</span> <span class='ocrx_word' id='word_1_113' title='bbox 909 2332 1074 2407; x_wconf 88' lang='lat' dir='ltr'>constat,</span> <span class='ocrx_word' id='word_1_114' title='bbox 1130 2333 1133 2338; x_wconf 88' lang='grc'><strong>’</strong></span> 
     </span>
     <span class='ocr_line' id='line_1_18' title="bbox 93 2433 1074 2534; baseline 0.003 -29"><span class='ocrx_word' id='word_1_115' title='bbox 93 2433 291 2534; x_wconf 63' lang='lat' dir='ltr'>attingitis</span> <span class='ocrx_word' id='word_1_116' title='bbox 304 2438 473 2533; x_wconf 76' lang='lat' dir='ltr'>graviora</span> <span class='ocrx_word' id='word_1_117' title='bbox 489 2439 529 2508; x_wconf 88' lang='lat' dir='ltr'>in</span> <span class='ocrx_word' id='word_1_118' title='bbox 546 2436 702 2509; x_wconf 83' lang='lat' dir='ltr'>cerebro</span> <span class='ocrx_word' id='word_1_119' title='bbox 721 2437 818 2508; x_wconf 86' lang='lat' dir='ltr'>mala</span> <span class='ocrx_word' id='word_1_120' title='bbox 840 2437 949 2513; x_wconf 86' lang='lat' dir='ltr'>simul</span> <span class='ocrx_word' id='word_1_121' title='bbox 974 2438 1074 2508; x_wconf 87' lang='lat' dir='ltr'>inve·</span> 
     </span>
     <span class='ocr_line' id='line_1_19' title="bbox 92 2547 1075 2649; baseline 0.007 -32"><span class='ocrx_word' id='word_1_122' title='bbox 92 2547 152 2634; x_wconf 81' lang='lat' dir='ltr'>ait,</span> <span class='ocrx_word' id='word_1_123' title='bbox 169 2552 441 2627; x_wconf 79' lang='lat' dir='ltr'>Drelincurtius</span> <span class='ocrx_word' id='word_1_124' title='bbox 460 2570 583 2626; x_wconf 86' lang='lat' dir='ltr'>autem</span> <span class='ocrx_word' id='word_1_125' title='bbox 599 2578 678 2624; x_wconf 87' lang='lat' dir='ltr'>non</span> <span class='ocrx_word' id='word_1_126' title='bbox 691 2578 835 2629; x_wconf 78' lang='lat' dir='ltr'>saxeam</span> <span class='ocrx_word' id='word_1_127' title='bbox 847 2552 961 2623; x_wconf 88' lang='lat' dir='ltr'>modo</span> <span class='ocrx_word' id='word_1_128' title='bbox 976 2554 1075 2649; x_wconf 81' lang='lat' dir='ltr'>glan·</span> 
     </span>
     <span class='ocr_line' id='line_1_20' title="bbox 94 2660 1073 2769; baseline 0.009 -38"><span class='ocrx_word' id='word_1_129' title='bbox 94 2660 223 2755; x_wconf 76' lang='lat' dir='ltr'>delam,</span> <span class='ocrx_word' id='word_1_130' title='bbox 241 2669 310 2741; x_wconf 87' lang='lat' dir='ltr'>sed</span> <span class='ocrx_word' id='word_1_131' title='bbox 327 2670 374 2742; x_wconf 86' lang='lat' dir='ltr'>ad</span> <span class='ocrx_word' id='word_1_132' title='bbox 391 2673 454 2742; x_wconf 84' lang='lat' dir='ltr'>nvi</span> <span class='ocrx_word' id='word_1_133' title='bbox 472 2670 663 2769; x_wconf 84' lang='lat' dir='ltr'>gallinacei</span> <span class='ocrx_word' id='word_1_134' title='bbox 682 2668 968 2767; x_wconf 84' lang='lat' dir='ltr'>amplitudinem</span> <span class='ocrx_word' id='word_1_135' title='bbox 987 2694 1073 2740; x_wconf 81' lang='lat' dir='ltr'>aun-</span> 
     </span>
     <span class='ocr_line' id='line_1_21' title="bbox 93 2784 1128 2885; baseline 0.005 -34"><span class='ocrx_word' id='word_1_136' title='bbox 93 2790 177 2869; x_wconf 82' lang='lat' dir='ltr'>tam,</span> <span class='ocrx_word' id='word_1_137' title='bbox 192 2799 234 2859; x_wconf 89' lang='lat' dir='ltr'>ut</span> <span class='ocrx_word' id='word_1_138' title='bbox 248 2784 280 2858; x_wconf 88' lang='lat' dir='ltr'>si</span> <span class='ocrx_word' id='word_1_139' title='bbox 290 2786 349 2859; x_wconf 85' lang='lat' dir='ltr'>vel</span> <span class='ocrx_word' id='word_1_140' title='bbox 358 2785 523 2885; x_wconf 58' lang='lat' dir='ltr'>hydatise</span> <span class='ocrx_word' id='word_1_141' title='bbox 542 2787 601 2875; x_wconf 72' lang='lat' dir='ltr'>rel</span> <span class='ocrx_word' id='word_1_142' title='bbox 610 2785 798 2883; x_wconf 89' lang='lat' dir='ltr'>quidquid</span> <span class='ocrx_word' id='word_1_143' title='bbox 812 2785 913 2859; x_wconf 83' lang='lat' dir='ltr'>aliud</span> <span class='ocrx_word' id='word_1_144' title='bbox 927 2784 1072 2870; x_wconf 80' lang='lat' dir='ltr'>luisset,</span> <span class='ocrx_word' id='word_1_145' title='bbox 1125 2838 1128 2839; x_wconf 19' lang='grc' dir='ltr'><em>ν</em></span> 
     </span>
     <span class='ocr_line' id='line_1_22' title="bbox 94 2898 1074 2999; baseline 0.005 -33"><span class='ocrx_word' id='word_1_146' title='bbox 94 2915 149 2981; x_wconf 79' lang='lat' dir='ltr'>sua</span> <span class='ocrx_word' id='word_1_147' title='bbox 165 2901 242 2999; x_wconf 90' lang='lat' dir='ltr'>ipsa</span> <span class='ocrx_word' id='word_1_148' title='bbox 258 2898 358 2976; x_wconf 89' lang='lat' dir='ltr'>mole</span> <span class='ocrx_word' id='word_1_149' title='bbox 377 2903 567 2977; x_wconf 83' lang='lat' dir='ltr'>debuisset</span> <span class='ocrx_word' id='word_1_150' title='bbox 588 2903 791 2974; x_wconf 83' lang='lat' dir='ltr'>maximum</span> <span class='ocrx_word' id='word_1_151' title='bbox 812 2899 943 2975; x_wconf 88' lang='lat' dir='ltr'>afferre</span> <span class='ocrx_word' id='word_1_152' title='bbox 959 2901 1074 2973; x_wconf 84' lang='lat' dir='ltr'>detri-</span> 
     </span>
     <span class='ocr_line' id='line_1_23' title="bbox 94 3016 1073 3113; baseline 0.009 -31"><span class='ocrx_word' id='word_1_153' title='bbox 94 3029 258 3090; x_wconf 83' lang='lat' dir='ltr'>mentum.</span> <span class='ocrx_word' id='word_1_154' title='bbox 277 3019 390 3110; x_wconf 86' lang='lat' dir='ltr'>Quod</span> <span class='ocrx_word' id='word_1_155' title='bbox 407 3043 497 3092; x_wconf 84' lang='lat' dir='ltr'>vero</span> <span class='ocrx_word' id='word_1_156' title='bbox 514 3019 561 3091; x_wconf 88' lang='lat' dir='ltr'>ad</span> <span class='ocrx_word' id='word_1_157' title='bbox 577 3034 747 3090; x_wconf 84' lang='lat' dir='ltr'>naturam</span> <span class='ocrx_word' id='word_1_158' title='bbox 766 3019 898 3103; x_wconf 77' lang='lat' dir='ltr'>attinet</span> <span class='ocrx_word' id='word_1_159' title='bbox 917 3016 1073 3113; x_wconf 81' lang='lat' dir='ltr'>hujusce</span> 
     </span>
     <span class='ocr_line' id='line_1_24' title="bbox 93 3131 1073 3232; baseline 0.001 -25"><span class='ocrx_word' id='word_1_160' title='bbox 93 3131 222 3221; x_wconf 78' lang='lat' dir='ltr'>morbi,</span> <span class='ocrx_word' id='word_1_161' title='bbox 239 3136 359 3207; x_wconf 77' lang='lat' dir='ltr'>risum</span> <span class='ocrx_word' id='word_1_162' title='bbox 374 3150 429 3209; x_wconf 86' lang='lat' dir='ltr'>est</span> <span class='ocrx_word' id='word_1_163' title='bbox 444 3136 563 3208; x_wconf 87' lang='lat' dir='ltr'>doctis</span> <span class='ocrx_word' id='word_1_164' title='bbox 582 3136 806 3232; x_wconf 80' lang='lat' dir='ltr'>quibusdam</span> <span class='ocrx_word' id='word_1_165' title='bbox 822 3137 930 3224; x_wconf 81' lang='lat' dir='ltr'>viris,</span> <span class='ocrx_word' id='word_1_166' title='bbox 951 3150 988 3208; x_wconf 89' lang='lat' dir='ltr'>et</span> <span class='ocrx_word' id='word_1_167' title='bbox 1005 3160 1073 3208; x_wconf 88' lang='lat' dir='ltr'>no-</span> 
     </span>
     <span class='ocr_line' id='line_1_25' title="bbox 94 3247 1075 3327; baseline 0.01 -12"><span class='ocrx_word' id='word_1_168' title='bbox 94 3247 251 3327; x_wconf 85' lang='lat' dir='ltr'>minatim</span> <span class='ocrx_word' id='word_1_169' title='bbox 276 3258 332 3323; x_wconf 88' lang='lat' dir='ltr'>Jo.</span> <span class='ocrx_word' id='word_1_170' title='bbox 352 3253 551 3327; x_wconf 86' lang='lat' dir='ltr'>Valentino</span> <span class='ocrx_word' id='word_1_171' title='bbox 576 3253 748 3326; x_wconf 83' lang='lat' dir='ltr'>Scheidio</span> <span class='ocrx_word' id='word_1_172' title='bbox 771 3255 872 3323; x_wconf 86' lang='lat' dir='ltr'>inea</span> <span class='ocrx_word' id='word_1_173' title='bbox 900 3253 1075 3326; x_wconf 83' lang='lat' dir='ltr'>Disserta-</span> 
     </span>
     <span class='ocr_line' id='line_1_26' title="bbox 95 3361 1076 3467; baseline 0.013 -35"><span class='ocrx_word' id='word_1_174' title='bbox 95 3361 185 3434; x_wconf 81' lang='lat' dir='ltr'>tione</span> <span class='ocrx_word' id='word_1_175' title='bbox 197 3365 269 3461; x_wconf 62' lang='grc' dir='ltr'>(π),</span> <span class='ocrx_word' id='word_1_176' title='bbox 285 3368 325 3437; x_wconf 91' lang='lat' dir='ltr'>in</span> <span class='ocrx_word' id='word_1_177' title='bbox 339 3393 412 3467; x_wconf 81' lang='lat' dir='ltr'>qua</span> <span class='ocrx_word' id='word_1_178' title='bbox 430 3370 657 3466; x_wconf 79' lang='lat' dir='ltr'>=caeteroquin</span> <span class='ocrx_word' id='word_1_179' title='bbox 676 3371 820 3467; x_wconf 78' lang='lat' dir='ltr'>egregie</span> <span class='ocrx_word' id='word_1_180' title='bbox 833 3371 957 3467; x_wconf 90' lang='lat' dir='ltr'>ipsum</span> <span class='ocrx_word' id='word_1_181' title='bbox 974 3371 1076 3466; x_wconf 72' lang='lat' dir='ltr'>praeis</span> 
     </span>
     <span class='ocr_line' id='line_1_27' title="bbox 94 3468 1076 3584; baseline 0.013 -39"><span class='ocrx_word' id='word_1_182' title='bbox 94 3477 177 3549; x_wconf 79' lang='lat' dir='ltr'>visse</span> <span class='ocrx_word' id='word_1_183' title='bbox 201 3484 311 3555; x_wconf 88' lang='lat' dir='ltr'>video</span> <span class='ocrx_word' id='word_1_184' title='bbox 330 3484 582 3560; x_wconf 84' lang='lat' dir='ltr'>celeberrimis</span> <span class='ocrx_word' id='word_1_185' title='bbox 604 3468 921 3575; x_wconf 83' lang='lat' dir='ltr'>observatoribus,</span> <span class='ocrx_word' id='word_1_186' title='bbox 940 3489 1007 3584; x_wconf 87' lang='lat' dir='ltr'>qui</span> <span class='ocrx_word' id='word_1_187' title='bbox 1020 3511 1076 3558; x_wconf 74' lang='lat' dir='ltr'>ce·</span> 
     </span>
     <span class='ocr_line' id='line_1_28' title="bbox 95 3592 1073 3702; baseline 0.013 -39"><span class='ocrx_word' id='word_1_188' title='bbox 95 3592 238 3671; x_wconf 82' lang='lat' dir='ltr'>rebrum</span> <span class='ocrx_word' id='word_1_189' title='bbox 248 3619 265 3687; x_wconf 73' lang='lat'>‚¹</span> <span class='ocrx_word' id='word_1_190' title='bbox 274 3602 314 3672; x_wconf 90' lang='lat' dir='ltr'>in</span> <span class='ocrx_word' id='word_1_191' title='bbox 327 3600 505 3702; x_wconf 90' lang='lat' dir='ltr'>lapidem,</span> <span class='ocrx_word' id='word_1_192' title='bbox 522 3616 564 3673; x_wconf 91' lang='lat' dir='ltr'>ut</span> <span class='ocrx_word' id='word_1_193' title='bbox 578 3601 819 3690; x_wconf 82' lang='lat' dir='ltr'>credebatur,</span> <span class='ocrx_word' id='word_1_194' title='bbox 835 3626 1073 3691; x_wconf 86' lang='lat' dir='ltr'>conversum,</span> 
     </span>
    </p>
   </div>
   <div class='ocr_carea' id='block_1_3' title="bbox 167 3829 170 3836">
    <p class='ocr_par' dir='ltr' id='par_1_3' title="bbox 167 3829 170 3836">
     <span class='ocr_line' id='line_1_29' title="bbox 167 3829 170 3836; baseline 0 0"><span class='ocrx_word' id='word_1_195' title='bbox 167 3829 170 3836; x_wconf 67' lang='lat'><em>2</em></span> 
     </span>
    </p>
   </div>
   <div class='ocr_carea' id='block_1_4' title="bbox 126 3873 1054 4055">
    <p class='ocr_par' dir='ltr' id='par_1_4' title="bbox 117 3873 1054 4055">
     <span class='ocr_line' id='line_1_30' title="bbox 141 3875 334 3936; baseline 0.01 -2"><span class='ocrx_word' id='word_1_196' title='bbox 141 3893 152 3928; x_wconf 93' lang='lat'>1</span> <span class='ocrx_word' id='word_1_197' title='bbox 185 3875 271 3935; x_wconf 86' lang='lat' dir='ltr'>Thes.</span> <span class='ocrx_word' id='word_1_198' title='bbox 289 3879 334 3936; x_wconf 83' lang='lat'>15.</span> 
     </span>
     <span class='ocr_line' id='line_1_31' title="bbox 126 3873 1054 4055; baseline 0 -23"><span class='ocrx_word' id='word_1_199' title='bbox 126 3873 168 4048; x_wconf 76' lang='lat' dir='ltr'>l²l</span> <span class='ocrx_word' id='word_1_200' title='bbox 186 3974 230 4032; x_wconf 86' lang='lat' dir='ltr'>De</span> <span class='ocrx_word' id='word_1_201' title='bbox 247 3975 337 4033; x_wconf 84' lang='lat' dir='ltr'><strong>duob.</strong></span> <span class='ocrx_word' id='word_1_202' title='bbox 350 3977 443 4036; x_wconf 78' lang='lat' dir='ltr'>Osaic.</span> <span class='ocrx_word' id='word_1_203' title='bbox 460 3979 494 4035; x_wconf 84' lang='lat' dir='ltr'>iu</span> <span class='ocrx_word' id='word_1_204' title='bbox 508 3976 630 4037; x_wconf 66' lang='lat' dir='ltr'>cenchro</span> <span class='ocrx_word' id='word_1_205' title='bbox 646 3979 745 4055; x_wconf 83' lang='lat' dir='ltr'>apopl.</span> <span class='ocrx_word' id='word_1_206' title='bbox 764 3986 857 4053; x_wconf 79' lang='lat' dir='ltr'>quest.</span> <span class='ocrx_word' id='word_1_207' title='bbox 871 3995 887 4032; x_wconf 85' lang='lat'>2</span> <span class='ocrx_word' id='word_1_208' title='bbox 903 3986 931 4031; x_wconf 86' lang='lat' dir='ltr'>et</span> <span class='ocrx_word' id='word_1_209' title='bbox 945 3976 971 4033; x_wconf 78' lang='lat'>3.</span> <span class='ocrx_word' id='word_1_210' title='bbox 1028 4016 1035 4031; x_wconf 44' lang='lat' dir='ltr'>f</span> <span class='ocrx_word' id='word_1_211' title='bbox 1051 3999 1054 4007; x_wconf 92' lang='lat'>·</span> 
     </span>
    </p>
   </div>
   <div class='ocr_carea' id='block_1_5' title="bbox 0 0 1402 4666">
    <p class='ocr_par' dir='ltr' id='par_1_5' title="bbox 0 0 1402 4666">
     <span class='ocr_line' id='line_1_32' title="bbox 0 0 1402 4666; baseline 0 0"><span class='ocrx_word' id='word_1_212' title='bbox 0 0 1402 4666; x_wconf 95' lang='lat' dir='ltr'> </span> 
     </span>
    </p>
   </div>
  </div>
 </body>
</html>
