<?xml version="1.0" encoding="UTF-8"?>
<!DOCTYPE html PUBLIC "-//W3C//DTD XHTML 1.0 Transitional//EN"
    "http://www.w3.org/TR/xhtml1/DTD/xhtml1-transitional.dtd">
<html xmlns="http://www.w3.org/1999/xhtml" xml:lang="en" lang="en">
 <head>
  <title>
</title>
<meta http-equiv="Content-Type" content="text/html;charset=utf-8" />
  <meta name='ocr-system' content='tesseract 3.04.00' />
  <meta name='ocr-capabilities' content='ocr_page ocr_carea ocr_par ocr_line ocrx_word'/>
</head>
<body>
  <div class='ocr_page' id='page_1' title='image "./desedibusetcaus06adelgoog_0543.png"; bbox 0 0 2774 4670; ppageno 0'>
   <div class='ocr_carea' id='block_1_1' title="bbox 301 426 1206 513">
    <p class='ocr_par' dir='ltr' id='par_1_1' title="bbox 301 426 1206 513">
     <span class='ocr_line' id='line_1_1' title="bbox 301 426 1206 513; baseline 0.003 -11"><span class='ocrx_word' id='word_1_1' title='bbox 301 426 371 502; x_wconf 74' lang='lat'><strong>532</strong></span> <span class='ocrx_word' id='word_1_2' title='bbox 450 428 510 502; x_wconf 81' lang='lat' dir='ltr'><strong>‘oa</strong></span> <span class='ocrx_word' id='word_1_3' title='bbox 536 450 684 503; x_wconf 73' lang='lat' dir='ltr'><strong>santius</strong></span> <span class='ocrx_word' id='word_1_4' title='bbox 709 453 759 513; x_wconf 52' lang='lat' dir='ltr'><strong>ur,</strong></span> <span class='ocrx_word' id='word_1_5' title='bbox 779 451 902 502; x_wconf 73' lang='lat' dir='ltr'><strong>cauus</strong></span> <span class='ocrx_word' id='word_1_6' title='bbox 928 448 1137 502; x_wconf 76' lang='lat' dir='ltr'><strong>nonronoit</strong></span> <span class='ocrx_word' id='word_1_7' title='bbox 1197 488 1206 505; x_wconf 73' lang='lat'><em>.</em></span> 
     </span>
    </p>
   </div>
   <div class='ocr_carea' id='block_1_2' title="bbox 260 565 1384 1147">
    <p class='ocr_par' dir='ltr' id='par_1_2' title="bbox 260 565 1384 1147">
     <span class='ocr_line' id='line_1_2' title="bbox 296 565 1302 667; baseline 0.001 -30"><span class='ocrx_word' id='word_1_8' title='bbox 296 581 389 637; x_wconf 89' lang='lat' dir='ltr'><strong>tunc</strong></span> <span class='ocrx_word' id='word_1_9' title='bbox 409 565 592 637; x_wconf 88' lang='lat' dir='ltr'><strong>continuo</strong></span> <span class='ocrx_word' id='word_1_10' title='bbox 609 589 698 641; x_wconf 84' lang='lat' dir='ltr'><strong>sana</strong></span> <span class='ocrx_word' id='word_1_11' title='bbox 718 587 853 637; x_wconf 88' lang='lat' dir='ltr'><strong>manus</strong></span> <span class='ocrx_word' id='word_1_12' title='bbox 874 568 1120 641; x_wconf 85' lang='lat' dir='ltr'><strong>convulsione</strong></span> <span class='ocrx_word' id='word_1_13' title='bbox 1142 569 1302 667; x_wconf 53' lang='lat' dir='ltr'><strong>corripi*</strong></span> 
     </span>
     <span class='ocr_line' id='line_1_3' title="bbox 297 681 1302 782; baseline 0.001 -28"><span class='ocrx_word' id='word_1_14' title='bbox 297 698 384 770; x_wconf 80' lang='lat' dir='ltr'><strong>tur3</strong></span> <span class='ocrx_word' id='word_1_15' title='bbox 402 681 599 780; x_wconf 84' lang='lat' dir='ltr'><strong>valideque</strong></span> <span class='ocrx_word' id='word_1_16' title='bbox 618 682 888 779; x_wconf 82' lang='lat' dir='ltr'><strong>constringitur</strong></span> <span class='ocrx_word' id='word_1_17' title='bbox 904 697 965 754; x_wconf 83' lang='lat' dir='ltr'><strong>:at</strong></span> <span class='ocrx_word' id='word_1_18' title='bbox 986 685 1016 754; x_wconf 89' lang='lat' dir='ltr'><strong>si</strong></span> <span class='ocrx_word' id='word_1_19' title='bbox 1034 710 1156 754; x_wconf 90' lang='lat' dir='ltr'><strong>unum</strong></span> <span class='ocrx_word' id='word_1_20' title='bbox 1175 710 1302 782; x_wconf 89' lang='lat' dir='ltr'><strong>quem·</strong></span> 
     </span>
     <span class='ocr_line' id='line_1_4' title="bbox 295 798 1301 900; baseline 0 -27"><span class='ocrx_word' id='word_1_21' title='bbox 295 799 388 873; x_wconf 90' lang='lat' dir='ltr'><strong>libet</strong></span> <span class='ocrx_word' id='word_1_22' title='bbox 413 799 593 897; x_wconf 81' lang='lat' dir='ltr'><strong>digitum3</strong></span> <span class='ocrx_word' id='word_1_23' title='bbox 615 798 716 870; x_wconf 89' lang='lat' dir='ltr'><strong>illico</strong></span> <span class='ocrx_word' id='word_1_24' title='bbox 743 800 783 868; x_wconf 79' lang='lat' dir='ltr'><strong>in</strong></span> <span class='ocrx_word' id='word_1_25' title='bbox 812 823 899 870; x_wconf 89' lang='lat' dir='ltr'><strong>sana</strong></span> <span class='ocrx_word' id='word_1_26' title='bbox 927 826 1041 871; x_wconf 88' lang='lat' dir='ltr'><strong>mann</strong></span> <span class='ocrx_word' id='word_1_27' title='bbox 1065 803 1301 900; x_wconf 87' lang='lat' dir='ltr'><strong>respondens</strong></span> 
     </span>
     <span class='ocr_line' id='line_1_5' title="bbox 295 916 1301 1014; baseline 0.001 -25"><span class='ocrx_word' id='word_1_28' title='bbox 295 916 693 1014; x_wconf 81' lang='lat' dir='ltr'><strong>convelliturtligitus,</strong></span> <span class='ocrx_word' id='word_1_29' title='bbox 711 917 957 990; x_wconf 87' lang='lat' dir='ltr'><strong>convulsione</strong></span> <span class='ocrx_word' id='word_1_30' title='bbox 967 919 1113 989; x_wconf 88' lang='lat' dir='ltr'><strong>tamdiu</strong></span> <span class='ocrx_word' id='word_1_31' title='bbox 1124 920 1301 1005; x_wconf 82' lang='lat' dir='ltr'><strong>durante,</strong></span> 
     </span>
     <span class='ocr_line' id='line_1_6' title="bbox 260 1033 1384 1147; baseline 0.002 -43"><span class='ocrx_word' id='word_1_32' title='bbox 260 1123 264 1147; x_wconf 35' lang='grc'>1</span> <span class='ocrx_word' id='word_1_33' title='bbox 296 1034 479 1132; x_wconf 79' lang='lat' dir='ltr'><strong>quamdiu</strong></span> <span class='ocrx_word' id='word_1_34' title='bbox 509 1033 672 1104; x_wconf 85' lang='lat' dir='ltr'><strong>violenta</strong></span> <span class='ocrx_word' id='word_1_35' title='bbox 692 1033 843 1105; x_wconf 88' lang='lat' dir='ltr'><strong>alterius</strong></span> <span class='ocrx_word' id='word_1_36' title='bbox 859 1034 958 1105; x_wconf 90' lang='lat' dir='ltr'><strong>illius</strong></span> <span class='ocrx_word' id='word_1_37' title='bbox 983 1036 1094 1106; x_wconf 89' lang='lat' dir='ltr'><strong>durat</strong></span> <span class='ocrx_word' id='word_1_38' title='bbox 1121 1039 1298 1108; x_wconf 80' lang='lat' dir='ltr'><strong>extensio.</strong></span> <span class='ocrx_word' id='word_1_39' title='bbox 1383 1108 1384 1129; x_wconf 44' lang='lat'><strong>,</strong></span> 
     </span>
    </p>
   </div>
   <div class='ocr_carea' id='block_1_3' title="bbox 117 1149 1298 1251">
    <p class='ocr_par' dir='ltr' id='par_1_3' title="bbox 117 1149 1298 1251">
     <span class='ocr_line' id='line_1_7' title="bbox 117 1149 1298 1251; baseline 0 -28"><span class='ocrx_word' id='word_1_40' title='bbox 117 1168 123 1185; x_wconf 84' lang='lat'><strong>·</strong></span> <span class='ocrx_word' id='word_1_41' title='bbox 220 1178 223 1182; x_wconf 60' lang='grc'>“</span> <span class='ocrx_word' id='word_1_42' title='bbox 297 1154 479 1223; x_wconf 77' lang='lat' dir='ltr'><strong>Caeterum</strong></span> <span class='ocrx_word' id='word_1_43' title='bbox 490 1174 535 1220; x_wconf 83' lang='lat' dir='ltr'><strong>ex</strong></span> <span class='ocrx_word' id='word_1_44' title='bbox 545 1174 623 1251; x_wconf 92' lang='lat' dir='ltr'><strong>quo</strong></span> <span class='ocrx_word' id='word_1_45' title='bbox 634 1173 730 1246; x_wconf 87' lang='lat' dir='ltr'><strong>puer</strong></span> <span class='ocrx_word' id='word_1_46' title='bbox 748 1149 1055 1222; x_wconf 82' lang='lat' dir='ltr'><strong>convulsionibus</strong></span> <span class='ocrx_word' id='word_1_47' title='bbox 1070 1166 1127 1224; x_wconf 88' lang='lat' dir='ltr'><strong>est</strong></span> <span class='ocrx_word' id='word_1_48' title='bbox 1148 1167 1298 1248; x_wconf 89' lang='lat' dir='ltr'><strong>captus,</strong></span> 
     </span>
    </p>
   </div>
   <div class='ocr_carea' id='block_1_4' title="bbox 191 1246 1384 2418">
    <p class='ocr_par' dir='ltr' id='par_1_4' title="bbox 191 1246 1384 2418">
     <span class='ocr_line' id='line_1_8' title="bbox 245 1246 1384 1367; baseline -0.003 -29"><span class='ocrx_word' id='word_1_49' title='bbox 245 1318 248 1327; x_wconf 83' lang='lat'><em>.</em></span> <span class='ocrx_word' id='word_1_50' title='bbox 296 1246 439 1339; x_wconf 71' lang='lat' dir='ltr'><strong>vintris</strong></span> <span class='ocrx_word' id='word_1_51' title='bbox 457 1265 608 1338; x_wconf 88' lang='lat' dir='ltr'><strong>dolores</strong></span> <span class='ocrx_word' id='word_1_52' title='bbox 619 1290 817 1364; x_wconf 89' lang='lat' dir='ltr'><strong>nunquam</strong></span> <span class='ocrx_word' id='word_1_53' title='bbox 827 1267 984 1339; x_wconf 88' lang='lat' dir='ltr'><strong>rediere.</strong></span> <span class='ocrx_word' id='word_1_54' title='bbox 1383 1352 1384 1367; x_wconf 11' lang='grc' dir='ltr'>χ</span> 
     </span>
     <span class='ocr_line' id='line_1_9' title="bbox 353 1384 1384 1483; baseline -0.003 -27"><span class='ocrx_word' id='word_1_55' title='bbox 353 1411 406 1483; x_wconf 86' lang='lat'><strong>¹7·</strong></span> <span class='ocrx_word' id='word_1_56' title='bbox 426 1390 608 1456; x_wconf 71' lang='lat' dir='ltr'><strong>iuvenem</strong></span> <span class='ocrx_word' id='word_1_57' title='bbox 625 1398 730 1454; x_wconf 81' lang='lat' dir='ltr'><strong>aetate</strong></span> <span class='ocrx_word' id='word_1_58' title='bbox 750 1385 863 1454; x_wconf 79' lang='lat' dir='ltr'><strong>utrius</strong></span> <span class='ocrx_word' id='word_1_59' title='bbox 881 1397 917 1454; x_wconf 90' lang='lat' dir='ltr'><strong>et</strong></span> <span class='ocrx_word' id='word_1_60' title='bbox 936 1384 1068 1480; x_wconf 81' lang='lat' dir='ltr'><strong>vigi-nti</strong></span> <span class='ocrx_word' id='word_1_61' title='bbox 1088 1409 1300 1471; x_wconf 86' lang='lat' dir='ltr'><strong>annorum,</strong></span> <span class='ocrx_word' id='word_1_62' title='bbox 1383 1390 1384 1433; x_wconf 67' lang='lat' dir='ltr'><strong>l</strong></span> 
     </span>
     <span class='ocr_line' id='line_1_10' title="bbox 191 1486 1304 1598; baseline -0.004 -23"><span class='ocrx_word' id='word_1_63' title='bbox 191 1486 194 1491; x_wconf 10' lang='grc' dir='ltr'><em>Α</em></span> <span class='ocrx_word' id='word_1_64' title='bbox 299 1517 377 1584; x_wconf 85' lang='lat' dir='ltr'><strong>arte</strong></span> <span class='ocrx_word' id='word_1_65' title='bbox 391 1501 574 1573; x_wconf 88' lang='lat' dir='ltr'><strong>lanarium</strong></span> <span class='ocrx_word' id='word_1_66' title='bbox 590 1499 704 1572; x_wconf 81' lang='lat' dir='ltr'><strong>febris</strong></span> <span class='ocrx_word' id='word_1_67' title='bbox 717 1502 971 1598; x_wconf 87' lang='lat' dir='ltr'><strong>corripuerat,</strong></span> <span class='ocrx_word' id='word_1_68' title='bbox 986 1501 1047 1572; x_wconf 88' lang='lat' dir='ltr'><strong>cui</strong></span> <span class='ocrx_word' id='word_1_69' title='bbox 1060 1500 1241 1572; x_wconf 90' lang='lat' dir='ltr'><strong>delirium</strong></span> <span class='ocrx_word' id='word_1_70' title='bbox 1254 1525 1304 1571; x_wconf 89' lang='lat' dir='ltr'><strong>ac·</strong></span> 
     </span>
     <span class='ocr_line' id='line_1_11' title="bbox 301 1614 1303 1711; baseline -0.005 -18"><span class='ocrx_word' id='word_1_71' title='bbox 301 1621 430 1707; x_wconf 80' lang='lat' dir='ltr'><strong>cessit,</strong></span> <span class='ocrx_word' id='word_1_72' title='bbox 447 1633 489 1691; x_wconf 91' lang='lat' dir='ltr'><strong>ut</strong></span> <span class='ocrx_word' id='word_1_73' title='bbox 502 1619 647 1711; x_wconf 79' lang='lat' dir='ltr'><strong>vincire</strong></span> <span class='ocrx_word' id='word_1_74' title='bbox 663 1641 816 1689; x_wconf 89' lang='lat' dir='ltr'><strong>necesse</strong></span> <span class='ocrx_word' id='word_1_75' title='bbox 834 1614 955 1689; x_wconf 83' lang='lat' dir='ltr'><strong>fuerit.</strong></span> <span class='ocrx_word' id='word_1_76' title='bbox 974 1619 1145 1689; x_wconf 86' lang='lat' dir='ltr'><strong>Remisso</strong></span> <span class='ocrx_word' id='word_1_77' title='bbox 1162 1619 1303 1705; x_wconf 87' lang='lat' dir='ltr'><strong>delirio,</strong></span> 
     </span>
     <span class='ocr_line' id='line_1_12' title="bbox 299 1732 1304 1822; baseline -0.004 -14"><span class='ocrx_word' id='word_1_78' title='bbox 299 1737 341 1808; x_wconf 91' lang='lat' dir='ltr'><strong>in</strong></span> <span class='ocrx_word' id='word_1_79' title='bbox 356 1736 618 1808; x_wconf 86' lang='lat' dir='ltr'><strong>nosocomium</strong></span> <span class='ocrx_word' id='word_1_80' title='bbox 636 1734 709 1806; x_wconf 87' lang='lat' dir='ltr'><strong>hoc</strong></span> <span class='ocrx_word' id='word_1_81' title='bbox 725 1734 918 1822; x_wconf 89' lang='lat' dir='ltr'><strong>tulerunt,</strong></span> <span class='ocrx_word' id='word_1_82' title='bbox 932 1732 997 1805; x_wconf 90' lang='lat' dir='ltr'><strong>uhi</strong></span> <span class='ocrx_word' id='word_1_83' title='bbox 1013 1737 1138 1806; x_wconf 88' lang='lat' dir='ltr'><strong>statim</strong></span> <span class='ocrx_word' id='word_1_84' title='bbox 1157 1749 1247 1806; x_wconf 90' lang='lat' dir='ltr'><strong>sunt</strong></span> <span class='ocrx_word' id='word_1_85' title='bbox 1254 1760 1304 1805; x_wconf 89' lang='lat' dir='ltr'><strong>ar·</strong></span> 
     </span>
     <span class='ocr_line' id='line_1_13' title="bbox 300 1850 1306 1951; baseline -0.005 -25"><span class='ocrx_word' id='word_1_86' title='bbox 300 1867 409 1927; x_wconf 88' lang='lat' dir='ltr'><strong>tuum</strong></span> <span class='ocrx_word' id='word_1_87' title='bbox 429 1850 893 1951; x_wconf 85' lang='lat' dir='ltr'><strong>superiorum-convulsivi</strong></span> <span class='ocrx_word' id='word_1_88' title='bbox 918 1865 1062 1940; x_wconf 90' lang='lat' dir='ltr'><strong>motus,</strong></span> <span class='ocrx_word' id='word_1_89' title='bbox 1091 1852 1306 1922; x_wconf 86' lang='lat' dir='ltr'><strong>tendinum·</strong></span> 
     </span>
     <span class='ocr_line' id='line_1_14' title="bbox 303 1966 1306 2068; baseline -0.004 -26"><span class='ocrx_word' id='word_1_90' title='bbox 303 1971 432 2068; x_wconf 91' lang='lat' dir='ltr'><strong>quein</strong></span> <span class='ocrx_word' id='word_1_91' title='bbox 452 1970 572 2066; x_wconf 88' lang='lat' dir='ltr'><strong>carpis</strong></span> <span class='ocrx_word' id='word_1_92' title='bbox 586 1967 778 2040; x_wconf 86' lang='lat' dir='ltr'><strong>subsultus</strong></span> <span class='ocrx_word' id='word_1_93' title='bbox 792 1966 1061 2039; x_wconf 86' lang='lat' dir='ltr'><strong>animadversi:</strong></span> <span class='ocrx_word' id='word_1_94' title='bbox 1075 1969 1306 2067; x_wconf 87' lang='lat' dir='ltr'><strong>insanguine</strong></span> 
     </span>
     <span class='ocr_line' id='line_1_15' title="bbox 303 2084 1306 2182; baseline -0.001 -24"><span class='ocrx_word' id='word_1_95' title='bbox 303 2101 427 2158; x_wconf 89' lang='lat' dir='ltr'><strong>autem</strong></span> <span class='ocrx_word' id='word_1_96' title='bbox 435 2084 664 2161; x_wconf 84' lang='lat' dir='ltr'><strong>missonulla</strong></span> <span class='ocrx_word' id='word_1_97' title='bbox 673 2084 827 2182; x_wconf 89' lang='lat' dir='ltr'><strong>quidem</strong></span> <span class='ocrx_word' id='word_1_98' title='bbox 835 2085 1044 2172; x_wconf 65' lang='lat' dir='ltr'><strong>crustaned</strong></span> <span class='ocrx_word' id='word_1_99' title='bbox 1052 2086 1174 2182; x_wconf 89' lang='lat' dir='ltr'><strong>ipsius</strong></span> <span class='ocrx_word' id='word_1_100' title='bbox 1184 2087 1306 2174; x_wconf 86' lang='lat' dir='ltr'><strong>densa,</strong></span> 
     </span>
     <span class='ocr_line' id='line_1_16' title="bbox 301 2202 1308 2307; baseline -0.003 -31"><span class='ocrx_word' id='word_1_101' title='bbox 301 2218 575 2307; x_wconf 77' lang='lat' dir='ltr'><strong>compactaque</strong></span> <span class='ocrx_word' id='word_1_102' title='bbox 596 2202 812 2274; x_wconf 88' lang='lat' dir='ltr'><strong>substantia.</strong></span> <span class='ocrx_word' id='word_1_103' title='bbox 831 2206 1029 2299; x_wconf 81' lang='lat' dir='ltr'><strong>&#39;Soporosa</strong></span> <span class='ocrx_word' id='word_1_104' title='bbox 1051 2203 1178 2299; x_wconf 85' lang='lat' dir='ltr'><strong>gravis</strong></span> <span class='ocrx_word' id='word_1_105' title='bbox 1193 2229 1231 2274; x_wconf 90' lang='lat' dir='ltr'><strong>se</strong></span> <span class='ocrx_word' id='word_1_106' title='bbox 1247 2202 1308 2273; x_wconf 84' lang='lat' dir='ltr'><strong>ad·</strong></span> 
     </span>
     <span class='ocr_line' id='line_1_17' title="bbox 301 2318 1310 2418; baseline -0.001 -27"><span class='ocrx_word' id='word_1_107' title='bbox 301 2321 426 2418; x_wconf 82' lang='lat' dir='ltr'><strong>junxit</strong></span> <span class='ocrx_word' id='word_1_108' title='bbox 442 2318 612 2407; x_wconf 80' lang='lat' dir='ltr'><strong>affecti03</strong></span> <span class='ocrx_word' id='word_1_109' title='bbox 634 2335 698 2407; x_wconf 93' lang='lat' dir='ltr'><strong>ut,</strong></span> <span class='ocrx_word' id='word_1_110' title='bbox 718 2335 794 2390; x_wconf 89' lang='lat' dir='ltr'><strong>tres</strong></span> <span class='ocrx_word' id='word_1_111' title='bbox 806 2320 1029 2391; x_wconf 89' lang='lat' dir='ltr'><strong>novissimos</strong></span> <span class='ocrx_word' id='word_1_112' title='bbox 1050 2318 1132 2390; x_wconf 84' lang='lat' dir='ltr'><strong>dies</strong></span> <span class='ocrx_word' id='word_1_113' title='bbox 1151 2319 1247 2390; x_wconf 92' lang='lat' dir='ltr'><strong>nihil</strong></span> <span class='ocrx_word' id='word_1_114' title='bbox 1263 2320 1310 2390; x_wconf 94' lang='lat' dir='ltr'><strong>lo·</strong></span> 
     </span>
    </p>
   </div>
   <div class='ocr_carea' id='block_1_5' title="bbox 204 2436 1307 2526">
    <p class='ocr_par' dir='ltr' id='par_1_5' title="bbox 204 2436 1307 2526">
     <span class='ocr_line' id='line_1_18' title="bbox 204 2436 1307 2526; baseline -0.002 -16"><span class='ocrx_word' id='word_1_115' title='bbox 204 2470 206 2482; x_wconf 65' lang='lat'>¹</span> <span class='ocrx_word' id='word_1_116' title='bbox 306 2454 435 2526; x_wconf 87' lang='lat' dir='ltr'><strong>cutus,</strong></span> <span class='ocrx_word' id='word_1_117' title='bbox 452 2438 662 2511; x_wconf 79' lang='lat' dir='ltr'><strong>decesserit.</strong></span> <span class='ocrx_word' id='word_1_118' title='bbox 689 2436 876 2509; x_wconf 84' lang='lat' dir='ltr'><strong>Cadavere</strong></span> <span class='ocrx_word' id='word_1_119' title='bbox 894 2436 968 2508; x_wconf 89' lang='lat' dir='ltr'><strong>hoc</strong></span> <span class='ocrx_word' id='word_1_120' title='bbox 985 2461 1073 2506; x_wconf 90' lang='lat' dir='ltr'><strong>cum</strong></span> <span class='ocrx_word' id='word_1_121' title='bbox 1094 2461 1236 2509; x_wconf 91' lang='lat' dir='ltr'><strong>usurus</strong></span> <span class='ocrx_word' id='word_1_122' title='bbox 1254 2461 1307 2508; x_wconf 89' lang='lat' dir='ltr'><strong>es·</strong></span> 
     </span>
    </p>
   </div>
   <div class='ocr_carea' id='block_1_6' title="bbox 306 2554 1313 4065">
    <p class='ocr_par' dir='ltr' id='par_1_6' title="bbox 306 2554 1313 4065">
     <span class='ocr_line' id='line_1_19' title="bbox 306 2554 1310 2653; baseline -0.007 -24"><span class='ocrx_word' id='word_1_123' title='bbox 306 2580 391 2629; x_wconf 86' lang='lat' dir='ltr'><strong>sem</strong></span> <span class='ocrx_word' id='word_1_124' title='bbox 414 2555 461 2627; x_wconf 91' lang='lat' dir='ltr'><strong>ad</strong></span> <span class='ocrx_word' id='word_1_125' title='bbox 490 2554 660 2653; x_wconf 82' lang='lat' dir='ltr'><strong>qua-dam</strong></span> <span class='ocrx_word' id='word_1_126' title='bbox 687 2579 765 2626; x_wconf 90' lang='lat' dir='ltr'><strong>non</strong></span> <span class='ocrx_word' id='word_1_127' title='bbox 793 2555 893 2626; x_wconf 89' lang='lat' dir='ltr'><strong>intra</strong></span> <span class='ocrx_word' id='word_1_128' title='bbox 913 2554 1085 2625; x_wconf 87' lang='lat' dir='ltr'><strong>cranium</strong></span> <span class='ocrx_word' id='word_1_129' title='bbox 1114 2554 1310 2640; x_wconf 85' lang='lat' dir='ltr'><strong>duntaxat,</strong></span> 
     </span>
     <span class='ocr_line' id='line_1_20' title="bbox 306 2669 1309 2770; baseline -0.008 -23"><span class='ocrx_word' id='word_1_130' title='bbox 306 2672 372 2747; x_wconf 86' lang='lat' dir='ltr'><strong>sed</strong></span> <span class='ocrx_word' id='word_1_131' title='bbox 391 2688 428 2744; x_wconf 88' lang='lat' dir='ltr'><strong>et</strong></span> <span class='ocrx_word' id='word_1_132' title='bbox 445 2674 541 2743; x_wconf 89' lang='lat' dir='ltr'><strong>intra</strong></span> <span class='ocrx_word' id='word_1_133' title='bbox 564 2672 797 2770; x_wconf 87' lang='lat' dir='ltr'><strong>superiorem</strong></span> <span class='ocrx_word' id='word_1_134' title='bbox 813 2673 926 2769; x_wconf 83' lang='lat' dir='ltr'><strong>spinae</strong></span> <span class='ocrx_word' id='word_1_135' title='bbox 949 2685 1095 2767; x_wconf 88' lang='lat' dir='ltr'><strong>partem</strong></span> <span class='ocrx_word' id='word_1_136' title='bbox 1116 2669 1309 2768; x_wconf 88' lang='lat' dir='ltr'><strong>discipulis</strong></span> 
     </span>
     <span class='ocr_line' id='line_1_21' title="bbox 308 2787 1307 2886; baseline -0.009 -21"><span class='ocrx_word' id='word_1_137' title='bbox 308 2789 560 2879; x_wconf 86' lang='lat' dir='ltr'><strong>ostendenda,</strong></span> <span class='ocrx_word' id='word_1_138' title='bbox 583 2789 737 2862; x_wconf 83' lang='lat' dir='ltr'><strong>thorace</strong></span> <span class='ocrx_word' id='word_1_139' title='bbox 760 2791 924 2886; x_wconf 85' lang='lat' dir='ltr'><strong>primum</strong></span> <span class='ocrx_word' id='word_1_140' title='bbox 952 2802 1106 2885; x_wconf 88' lang='lat' dir='ltr'><strong>aperto,</strong></span> <span class='ocrx_word' id='word_1_141' title='bbox 1131 2787 1307 2884; x_wconf 90' lang='lat' dir='ltr'><strong>nullaque</strong></span> 
     </span>
     <span class='ocr_line' id='line_1_22' title="bbox 308 2902 1313 3003; baseline -0.007 -24"><span class='ocrx_word' id='word_1_142' title='bbox 308 2908 408 2989; x_wconf 84' lang='lat' dir='ltr'><strong>ineo</strong></span> <span class='ocrx_word' id='word_1_143' title='bbox 425 2932 466 2978; x_wconf 89' lang='lat' dir='ltr'><strong>re</strong></span> <span class='ocrx_word' id='word_1_144' title='bbox 481 2905 722 2978; x_wconf 85' lang='lat' dir='ltr'><strong>adnotatione</strong></span> <span class='ocrx_word' id='word_1_145' title='bbox 735 2906 868 3003; x_wconf 81' lang='lat' dir='ltr'><strong>digna3</strong></span> <span class='ocrx_word' id='word_1_146' title='bbox 888 2918 1022 3001; x_wconf 86' lang='lat' dir='ltr'><strong>praeter</strong></span> <span class='ocrx_word' id='word_1_147' title='bbox 1034 2929 1159 2975; x_wconf 90' lang='lat' dir='ltr'><strong>unum</strong></span> <span class='ocrx_word' id='word_1_148' title='bbox 1175 2902 1313 3002; x_wconf 82' lang='lat' dir='ltr'><strong>praedu·</strong></span> 
     </span>
     <span class='ocr_line' id='line_1_23' title="bbox 310 3021 1309 3121; baseline -0.006 -24"><span class='ocrx_word' id='word_1_149' title='bbox 310 3050 398 3097; x_wconf 90' lang='lat' dir='ltr'><strong>rum</strong></span> <span class='ocrx_word' id='word_1_150' title='bbox 427 3023 652 3121; x_wconf 90' lang='lat' dir='ltr'><strong>pulmonum</strong></span> <span class='ocrx_word' id='word_1_151' title='bbox 676 3022 829 3111; x_wconf 91' lang='lat' dir='ltr'><strong>lobum,</strong></span> <span class='ocrx_word' id='word_1_152' title='bbox 856 3021 1133 3119; x_wconf 87' lang='lat' dir='ltr'><strong>animadversa,</strong></span> <span class='ocrx_word' id='word_1_153' title='bbox 1162 3021 1309 3118; x_wconf 85' lang='lat' dir='ltr'><strong>hisque,</strong></span> 
     </span>
     <span class='ocr_line' id='line_1_24' title="bbox 310 3128 1311 3239; baseline -0.009 -24"><span class='ocrx_word' id='word_1_154' title='bbox 310 3144 467 3238; x_wconf 85' lang='lat' dir='ltr'><strong>aliisque</strong></span> <span class='ocrx_word' id='word_1_155' title='bbox 493 3140 699 3212; x_wconf 84' lang='lat' dir='ltr'><strong>visceribus</strong></span> <span class='ocrx_word' id='word_1_156' title='bbox 722 3155 759 3212; x_wconf 88' lang='lat' dir='ltr'><strong>et</strong></span> <span class='ocrx_word' id='word_1_157' title='bbox 780 3139 972 3239; x_wconf 90' lang='lat' dir='ltr'><strong>partibus,</strong></span> <span class='ocrx_word' id='word_1_158' title='bbox 999 3128 1080 3236; x_wconf 84' lang='lat' dir='ltr'><strong>quae</strong></span> <span class='ocrx_word' id='word_1_159' title='bbox 1107 3130 1311 3210; x_wconf 78' lang='lat' dir='ltr'><strong>amovenda</strong></span> 
     </span>
     <span class='ocr_line' id='line_1_25' title="bbox 312 3255 1310 3355; baseline -0.01 -23"><span class='ocrx_word' id='word_1_160' title='bbox 312 3275 419 3333; x_wconf 88' lang='lat' dir='ltr'><strong>erant</strong></span> <span class='ocrx_word' id='word_1_161' title='bbox 445 3258 599 3345; x_wconf 88' lang='lat' dir='ltr'><strong>amotis,</strong></span> <span class='ocrx_word' id='word_1_162' title='bbox 629 3256 722 3355; x_wconf 87' lang='lat' dir='ltr'><strong>dum</strong></span> <span class='ocrx_word' id='word_1_163' title='bbox 747 3259 879 3354; x_wconf 83' lang='lat' dir='ltr'><strong>quinta</strong></span> <span class='ocrx_word' id='word_1_164' title='bbox 906 3256 1070 3326; x_wconf 87' lang='lat' dir='ltr'><strong>thoracis</strong></span> <span class='ocrx_word' id='word_1_165' title='bbox 1095 3255 1310 3325; x_wconf 71' lang='lat' dir='ltr'><strong>vertebras</strong></span> 
     </span>
     <span class='ocr_line' id='line_1_26' title="bbox 311 3369 1312 3471; baseline -0.01 -22"><span class='ocrx_word' id='word_1_166' title='bbox 311 3391 413 3450; x_wconf 85' lang='lat' dir='ltr'><strong>sexta</strong></span> <span class='ocrx_word' id='word_1_167' title='bbox 432 3375 732 3471; x_wconf 69' lang='lat' dir='ltr'><strong>disjungeretur,</strong></span> <span class='ocrx_word' id='word_1_168' title='bbox 754 3374 988 3466; x_wconf 89' lang='lat' dir='ltr'><strong>multa-aqua</strong></span> <span class='ocrx_word' id='word_1_169' title='bbox 1013 3394 1058 3438; x_wconf 79' lang='lat' dir='ltr'><strong>ex</strong></span> <span class='ocrx_word' id='word_1_170' title='bbox 1083 3371 1201 3466; x_wconf 83' lang='lat' dir='ltr'><strong>spinae</strong></span> <span class='ocrx_word' id='word_1_171' title='bbox 1226 3369 1312 3440; x_wconf 88' lang='lat' dir='ltr'><strong>tubo</strong></span> 
     </span>
     <span class='ocr_line' id='line_1_27' title="bbox 311 3486 1310 3585; baseline -0.009 -20"><span class='ocrx_word' id='word_1_172' title='bbox 311 3491 477 3565; x_wconf 79' lang='lat' dir='ltr'><strong>dessuxit.</strong></span> <span class='ocrx_word' id='word_1_173' title='bbox 497 3490 867 3585; x_wconf 22' lang='lat' dir='ltr'><strong>Nonnullafquoque</strong></span> <span class='ocrx_word' id='word_1_174' title='bbox 884 3486 931 3559; x_wconf 91' lang='lat' dir='ltr'><strong>de</strong></span> <span class='ocrx_word' id='word_1_175' title='bbox 953 3487 1083 3557; x_wconf 83' lang='lat' dir='ltr'><strong>orario</strong></span> <span class='ocrx_word' id='word_1_176' title='bbox 1103 3489 1213 3575; x_wconf 84' lang='lat' dir='ltr'><strong>exiit,</strong></span> <span class='ocrx_word' id='word_1_177' title='bbox 1233 3510 1310 3556; x_wconf 83' lang='lat' dir='ltr'><strong>cum</strong></span> 
     </span>
     <span class='ocr_line' id='line_1_28' title="bbox 309 3603 1311 3701; baseline -0.011 -17"><span class='ocrx_word' id='word_1_178' title='bbox 309 3636 400 3684; x_wconf 84' lang='lat' dir='ltr'><strong>mox</strong></span> <span class='ocrx_word' id='word_1_179' title='bbox 412 3611 755 3680; x_wconf 89' lang='lat' dir='ltr'><strong>circumsecaretur.</strong></span> <span class='ocrx_word' id='word_1_180' title='bbox 767 3606 883 3701; x_wconf 89' lang='lat' dir='ltr'><strong>Cujus</strong></span> <span class='ocrx_word' id='word_1_181' title='bbox 891 3604 1057 3692; x_wconf 84' lang='lat' dir='ltr'><strong>fornice,</strong></span> <span class='ocrx_word' id='word_1_182' title='bbox 1073 3603 1311 3701; x_wconf 83' lang='lat' dir='ltr'><strong>subjectaque</strong></span> 
     </span>
     <span class='ocr_line' id='line_1_29' title="bbox 311 3716 1309 3820; baseline -0.012 -20"><span class='ocrx_word' id='word_1_183' title='bbox 311 3729 403 3809; x_wconf 89' lang='lat' dir='ltr'><strong>huic</strong></span> <span class='ocrx_word' id='word_1_184' title='bbox 422 3749 545 3798; x_wconf 85' lang='lat' dir='ltr'><strong>crassa</strong></span> <span class='ocrx_word' id='word_1_185' title='bbox 565 3726 741 3820; x_wconf 85' lang='lat' dir='ltr'><strong>meninge</strong></span> <span class='ocrx_word' id='word_1_186' title='bbox 768 3716 933 3820; x_wconf 70' lang='lat' dir='ltr'><strong>demptid</strong></span> <span class='ocrx_word' id='word_1_187' title='bbox 941 3776 950 3808; x_wconf 91' lang='lat'>‚</span> <span class='ocrx_word' id='word_1_188' title='bbox 970 3744 1056 3791; x_wconf 86' lang='lat' dir='ltr'><strong>vasa</strong></span> <span class='ocrx_word' id='word_1_189' title='bbox 1077 3745 1147 3818; x_wconf 93' lang='lat' dir='ltr'><strong>per</strong></span> <span class='ocrx_word' id='word_1_190' title='bbox 1163 3736 1309 3793; x_wconf 88' lang='lat' dir='ltr'><strong>tenuem</strong></span> 
     </span>
     <span class='ocr_line' id='line_1_30' title="bbox 314 3835 1311 3944; baseline -0.015 -26"><span class='ocrx_word' id='word_1_191' title='bbox 314 3846 520 3944; x_wconf 84' lang='lat' dir='ltr'><strong>reptantia,</strong></span> <span class='ocrx_word' id='word_1_192' title='bbox 537 3842 585 3914; x_wconf 89' lang='lat' dir='ltr'><strong>ad</strong></span> <span class='ocrx_word' id='word_1_193' title='bbox 600 3842 1004 3939; x_wconf 88' lang='lat' dir='ltr'><strong>posteriorempartem</strong></span> <span class='ocrx_word' id='word_1_194' title='bbox 1017 3838 1159 3909; x_wconf 90' lang='lat' dir='ltr'><strong>sinistri</strong></span> <span class='ocrx_word' id='word_1_195' title='bbox 1176 3835 1311 3908; x_wconf 78' lang='lat' dir='ltr'><strong>cerebri</strong></span> 
     </span>
     <span class='ocr_line' id='line_1_31' title="bbox 314 3955 1309 4065; baseline -0.013 -29"><span class='ocrx_word' id='word_1_196' title='bbox 314 3960 568 4065; x_wconf 82' lang='lat' dir='ltr'><strong>hemisphaerii</strong></span> <span class='ocrx_word' id='word_1_197' title='bbox 576 3959 873 4059; x_wconf 83' lang='lat' dir='ltr'><strong>nigrosanguine</strong></span> <span class='ocrx_word' id='word_1_198' title='bbox 882 3955 1044 4029; x_wconf 81' lang='lat' dir='ltr'><strong>distenta</strong></span> <span class='ocrx_word' id='word_1_199' title='bbox 1055 3956 1309 4054; x_wconf 72' lang='lat' dir='ltr'><strong>conspeximm</strong></span> 
     </span>
    </p>
   </div>
   <div class='ocr_carea' id='block_1_7' title="bbox 0 0 1407 4670">
    <p class='ocr_par' dir='ltr' id='par_1_7' title="bbox 0 0 1407 4670">
     <span class='ocr_line' id='line_1_32' title="bbox 0 0 1407 4670; baseline 0 0"><span class='ocrx_word' id='word_1_200' title='bbox 0 0 1407 4670; x_wconf 95' lang='lat' dir='ltr'><strong> </strong></span> 
     </span>
    </p>
   </div>
  </div>
 </body>
</html>
