2784 4668
212 494 281 540 mn.
309 494 335 538 1.
362 492 409 538 nr
435 489 571 538 nonnis
595 489 756 553 carrrrs,
780 489 893 545 nrrsr.
920 491 977 538 111.
1033 465 1101 540 155

89 606 272 704 meninge
285 627 372 675 vasa
390 618 499 675 erant
518 604 701 702 sanguine
719 603 905 681 distenta:
926 603 992 675 sed
1012 600 1101 675 dex·

91 739 151 796 ter
168 720 405 794 ventriculus
419 719 541 792 multo
559 724 688 819 magis.
708 724 869 793 Tantum
893 746 941 792 eu
958 745 996 794 m
1018 745 1106 793 con·

90 838 243 913 tinehat
269 839 370 937 nigri
387 840 597 937 sanguinis,
624 853 662 912 et
691 840 877 927 concreti,
895 853 938 910 ut
956 839 1108 938 gallina·

94 982 209 1030 ceum
227 970 394 1055 aequaret
408 982 544 1047 ovum,
560 955 677 1055 idque
691 956 900 1055 posteriore
916 955 973 1026 sui
987 969 1107 1053 parte,

93 1089 131 1146 et
157 1075 332 1173 proxima
357 1072 420 1145 illa
446 1099 521 1171 qua
548 1097 635 1144 cum
656 1072 914 1171 hippocampo
933 1069 981 1145 ad
1004 1086 1107 1155 ante-

93 1192 200 1262 riora
231 1188 436 1262 descendit.
463 1189 536 1262 Sed
568 1190 776 1262 incaeteris
804 1212 961 1286 quoque
986 1187 1109 1260 tribus

94 1306 340 1409 ventriculis,
358 1321 396 1381 at
410 1308 533 1379 multo
551 1307 692 1379 minori
711 1309 839 1405 copia,
859 1306 1009 1404 sanguis
1027 1303 1110 1395 fuit,

15 1422 17 1427 ’
96 1426 209 1523 isqu'e
234 1422 391 1513 fluidus,
415 1440 458 1497 ut
473 1423 699 1498 crediderim
717 1426 845 1524 potius
860 1444 986 1496 serum
1001 1421 1109 1496 valde

96 1541 453 1641 sanguinolentum,
468 1566 514 1613 ex
540 1555 720 1613 concreto
749 1540 815 1613 illo
841 1540 1023 1638 sanguine
1049 1563 1111 1610 ex·

97 1681 300 1757 pressum,
318 1657 358 1728 in
384 1681 526 1753 eosque
553 1657 785 1729 ventriculos
806 1653 1015 1754 delapsum.
1043 1660 1111 1728 Ce-

99 1775 259 1847 rebrum
278 1797 432 1860 sanum,
452 1787 488 1843 et
515 1769 724 1842 substantia
758 1769 1112 1870 hemisphaeriorum

101 1889 252 1964 cerebri
284 1891 450 1989 integra,
476 1902 519 1960 ut
556 1913 746 1993 nusquam
778 1886 979 1989 appareret
1010 1891 1113 1964 unde

101 2023 255 2080 tantum
284 2007 477 2107 sanguinis
506 2006 718 2107 prodiisset.
751 2008 829 2081 Etsi
865 2011 1114 2107 posteriorem

102 2150 237 2200 versus
254 2126 455 2224 utriusque
469 2125 630 2196 lateralis
647 2124 846 2197 ventriculi
864 2141 1031 2226 partem,
1047 2128 1113 2201 sed

103 2243 314 2344 prasertim
339 2244 505 2332 dexteri,
530 2243 663 2343 plexus
691 2243 894 2318 choroides
914 2246 1114 2336 vesiculas,

103 2360 320 2449 habebant,
334 2385 440 2459 aquae
458 2359 609 2461 plenas,
628 2385 671 2432 ea
689 2363 969 2459 magnitudine,
985 2379 1027 2436 ut
1042 2389 1117 2435 ma·

104 2480 210 2575 jores
234 2477 371 2550 vidisse
396 2503 475 2550 non
503 2478 762 2567 meminerim
788 2480 989 2579 aequabant
1014 2482 1116 2553 enirn

107 2625 189 2670 uvae
215 2598 345 2671 acinos
369 2594 469 2670 bene
500 2621 676 2694 magnos;
703 2598 810 2671 sedes
832 2613 958 2669 tamen
981 2600 1117 2694 inqua

109 2717 312 2788 maximam
353 2715 501 2814 copiam
537 2716 730 2812 sanguinis
769 2714 1117 2813 deprehendimus,

112 2856 274 2929 eamque
293 2832 480 2919 concreti,
499 2827 604 2920 fecit,
626 2845 669 2902 ut
690 2831 928 2903 verisimilius
953 2852 1122 2903 censere·

112 2974 198 3022 mus
212 2948 320 3020 hunc
334 2974 355 3020 e
370 2947 548 3047 disruptis
561 2948 701 3019 sinistri
713 2947 845 3044 plexus
862 2950 978 3034 rasis,
993 2948 1121 3044 ejusve

113 3069 257 3139 viciniae
275 3065 507 3166 profluxisse.

168 3210 224 3257 ια.
245 3187 297 3256 Ut
314 3184 362 3256 ab
381 3183 426 3255 iis
439 3183 612 3256 vesiculis
628 3182 871 3281 incipiamus;
890 3207 970 3254 non
989 3206 1123 3282 parvas

115 3306 153 3375 in
173 3302 423 3400 Sepulchreto
438 3299 493 3398 (1)
507 3300 626 3400 leges,
644 3301 723 3371 imo
745 3300 911 3400 aliquam
930 3302 1042 3373 etiam
1060 3324 1123 3373 so-

116 3419 259 3509 lidam,
292 3417 511 3517 Weplerum
541 3443 700 3517 quoque
729 3419 768 3489 in
794 3419 926 3493 iisdem
949 3417 1124 3517 plexibus

117 3532 273 3622 vidisse;
293 3558 364 3607 nec
382 3514 471 3606 inde
488 3549 616 3605 tamen
634 3535 838 3633 apoplexiae
863 3560 1033 3626 causam,
1057 3535 1124 3608 sal·

118 3665 193 3722 tem
212 3652 403 3750 proxime,
419 3650 617 3723 deduxisse
632 3651 706 3761 (ψ
724 3652 979 3725 Warthonum
997 3651 1125 3750 (ἢμε-

160 3949 204 4026 (1)
226 3953 303 4008 Seet.
323 3969 340 4005 a
359 3951 408 4011 cit.
422 3950 487 4007 obs.
501 3959 549 4020 40.

162 4049 205 4127 (a)
225 4051 304 4107 Ibid.
321 4051 353 4106 in
367 4053 450 4108 Shol.

158 4149 202 4227 (3)
221 4152 300 4208 Ibid.
314 4151 387 4208 obs.
406 4170 456 4223 10,
475 4155 491 4222 ς
509 4170 541 4226 2,
557 4170 624 4209 cum
638 4153 716 4211 Scol.
