2798 4668
185 458 252 505 mn.
279 458 304 504 t.
332 457 379 506 nn
404 456 721 522 monimentum,
747 458 858 509 nrrsr.
884 462 919 506 x.
981 436 1046 525 541

39 567 379 659 dicabam‚·manu
400 572 483 667 quis
508 569 708 642 extendere
730 587 908 660 conatur,
933 597 1052 643 mem-

40 686 241 780 brumque
256 687 294 756 in
312 688 524 785 oppositam
541 684 700 785 figuram
712 686 904 758 reducere.
923 688 995 759 Sed
1013 703 1051 759 et

43 805 199 876 curatio
219 803 442 901 comprobat
458 802 643 900 ejusmodi
664 818 763 873 certe
780 828 862 899 quae
881 806 919 873 in
940 828 1049 901 para-

42 922 115 1018 lysi
134 936 302 992 noceret.
322 922 494 1005 Memini‚
520 920 566 991 de
591 919 785 991 Albertino
812 945 873 991 me
898 921 1049 1010 audire,

43 1037 163 1112 fuisse
177 1034 362 1109 nefarium
371 1037 597 1133 chymieum,
615 1038 680 1134 qui
689 1037 774 1134 plus
782 1036 922 1109 laboris
934 1052 1047 1135 atque

46 1156 139 1227 artis
158 1178 273 1251 quam
287 1153 348 1225 alii
362 1152 407 1224 ad
421 1154 605 1241 remedia,
621 1154 826 1224 insumeret
836 1152 883 1222 ad
898 1155 1050 1250 ipseve·

45 1296 197 1343 uenum
218 1270 428 1367 parandum
455 1270 806 1367 praesentissimum‚
833 1282 870 1339 et
893 1268 998 1365 quod
1021 1271 1052 1339 si

47 1386 237 1485 perficere
263 1389 464 1485 potuisset,
490 1385 662 1483 sperabat
680 1385 799 1456 halitu
816 1400 1050 1456 necaturum.

47 1508 147 1576 Cum
166 1527 258 1601 ergo
276 1504 408 1591 multa,
422 1517 460 1574 et
477 1504 578 1574 veria
594 1527 676 1600 quae
690 1504 847 1573 reticere
866 1502 979 1573 satius
997 1518 1052 1575 est

48 1622 187 1719 (plura
202 1624 302 1694 enim
324 1621 371 1692 de
386 1621 459 1692 hoc
477 1618 893 1717 generoeimprndenter
915 1620 1051 1690 medici

48 1737 260 1834 praesertim
280 1735 434 1834 quidam
452 1735 589 1810 chartis
607 1734 851 1824 mandarunt,
877 1760 961 1834 quae
976 1736 1049 1815 uti-

45 1878 139 1926 nam
163 1868 323 1952 possent
347 1851 521 1947 aboleri)
548 1852 724 1950 scelestus
742 1840 805 1925 ille
825 1854 866 1923 in
888 1830 1050 1924 vitreum

48 1994 111 2044 vas
135 1973 377 2066 conjecisset,
398 1970 589 2068 longoque
617 1985 818 2068 tempore,
848 1995 890 2041 ac
913 1994 1050 2069 magno
1074 1988 1080 1998 '

49 2087 327 2186 multiplicique
342 2083 499 2157 artificio
516 2086 563 2157 de
577 2086 684 2157 malis
697 2086 774 2181 jam
790 2087 911 2157 multo
921 2087 1051 2185 pejora

52 2203 293 2289 reddidisset;
305 2202 481 2299 meritum
494 2201 642 2272 sceleris
655 2199 819 2273 fructum
835 2204 943 2300 cepit.
958 2206 1053 2274 Cum

54 2319 157 2390 enim
176 2343 257 2407 vas,
283 2318 382 2389 inter
405 2304 706 2389 trinsfereudum
731 2319 946 2416 prolapsus.
969 2344 1053 2416 per·

53 2432 239 2533 fregisset,
251 2436 517 2532 impensarum,
532 2435 728 2530 temporis,
744 2433 916 2507 laborum
930 2434 1053 2532 perdi·

56 2566 185 2623 torum
206 2552 340 2623 dolore
365 2550 644 2649 propemodum
669 2551 841 2638 insanus,
865 2550 1054 2648 quidquid

57 2671 183 2765 potuit
196 2665 303 2745 effusi
318 2668 487 2766 liquoris,
500 2668 655 2765 spongia
670 2662 855 2738 continuo
866 2668 1055 2766 excipere,

57 2785 174 2884 inque
190 2785 290 2858 aliud
304 2809 367 2857 vas
384 2786 593 2883 exprimere
610 2807 722 2856 ausus
736 2800 801 2856 est.
819 2790 911 2857 Ecce
928 2801 1053 2856 autem

59 2902 366 2976 convulsionibus
387 2901 634 3000 prehenditur
653 2896 730 2971 tem
751 2901 1055 2992 vehementibus,

57 3034 98 3091 ut
109 3022 247 3119 raptim
263 3021 302 3090 iu
319 3019 442 3093 cubile
455 3018 616 3107 delatum
632 3042 720 3089 mox
735 3043 863 3090 earum
879 3021 915 3088 vi
931 3021 970 3089 in
984 3019 1054 3090 hu·
1131 3072 1134 3077 »

60 3161 163 3209 mum
188 3137 356 3232 dejectus
374 3137 444 3224 sit3
463 3135 553 3223 ubi,
572 3137 646 3206 cito
665 3136 808 3206 interea
834 3138 1056 3225 accersitus,

61 3253 276 3328 Albertinus
284 3255 537 3325 interveniens
548 3251 742 3324 hominem
750 3253 893 3324 invenit
905 3278 1056 3351 serpen·

61 3371 244 3445 tisinstar
262 3395 300 3443 se
321 3384 652 3467 contorquentem‚
669 3384 779 3466 atque
798 3369 917 3441 oculis
931 3385 1058 3442 exten·
1123 3464 1125 3469 Ι

63 3486 178 3578 tibus,
204 3502 403 3585 exertaque
429 3487 558 3585 lingua
582 3485 816 3557 horrendum
838 3488 878 3556 iu
901 3489 1057 3560 modum

63 3609 303 3705 mugientem.
322 3606 469 3701 Cumin
484 3604 699 3702 gravissimo
715 3627 800 3677 casu
816 3604 1059 3703 pluribusau·

65 3721 159 3795 xiliis
181 3746 274 3795 usus
295 3735 409 3808 esset,
433 3720 529 3792 nihil
558 3744 663 3817 aeque
687 3717 830 3818 profuit
856 3744 899 3789 ac
926 3721 1061 3792 demit-

66 3848 143 3909 tere
158 3854 279 3910 totum
291 3838 485 3910 bominem
497 3836 719 3935 intepidum
733 3836 858 3907 oleum
869 3863 878 3922 ;
891 3837 943 3907 sic
960 3838 1061 3908 euim

68 3955 327 4028 convulsiones
344 3956 530 4052 quievere.
549 3952 736 4026 Antonius
751 3966 876 4023 autem
885 3952 1064 4025 Vallisne-
