<?xml version="1.0" encoding="UTF-8"?>
<!DOCTYPE html PUBLIC "-//W3C//DTD XHTML 1.0 Transitional//EN"
    "http://www.w3.org/TR/xhtml1/DTD/xhtml1-transitional.dtd">
<html xmlns="http://www.w3.org/1999/xhtml" xml:lang="en" lang="en">
 <head>
  <title>
</title>
<meta http-equiv="Content-Type" content="text/html;charset=utf-8" />
  <meta name='ocr-system' content='tesseract 3.04.00' />
  <meta name='ocr-capabilities' content='ocr_page ocr_carea ocr_par ocr_line ocrx_word'/>
</head>
<body>
  <div class='ocr_page' id='page_1' title='image "./desedibusetcaus06adelgoog_0434.png"; bbox 0 0 2782 4668; ppageno 0'>
   <div class='ocr_carea' id='block_1_1' title="bbox 176 478 1081 583">
    <p class='ocr_par' dir='ltr' id='par_1_1' title="bbox 176 478 1081 583">
     <span class='ocr_line' id='line_1_1' title="bbox 176 478 1081 583; baseline 0.003 -36"><span class='ocrx_word' id='word_1_1' title='bbox 176 500 246 547; x_wconf 78' lang='lat' dir='ltr'><em>mn</em></span> <span class='ocrx_word' id='word_1_2' title='bbox 273 502 298 548; x_wconf 87' lang='lat'><em>1.</em></span> <span class='ocrx_word' id='word_1_3' title='bbox 326 501 854 583; x_wconf 65' lang='lat' dir='ltr'><em>nunonntsctP1TIS,EP18T.</em></span> <span class='ocrx_word' id='word_1_4' title='bbox 881 500 962 547; x_wconf 84' lang='lat' dir='ltr'><em>vni.</em></span> <span class='ocrx_word' id='word_1_5' title='bbox 1014 478 1081 564; x_wconf 69' lang='lat' dir='ltr'><em>lut</em></span> 
     </span>
    </p>
   </div>
   <div class='ocr_carea' id='block_1_2' title="bbox 34 588 1159 3409">
    <p class='ocr_par' dir='ltr' id='par_1_2' title="bbox 34 588 1159 3409">
     <span class='ocr_line' id='line_1_2' title="bbox 82 588 1104 713; baseline 0 -29"><span class='ocrx_word' id='word_1_6' title='bbox 82 612 128 685; x_wconf 92' lang='lat' dir='ltr'><em>do</em></span> <span class='ocrx_word' id='word_1_7' title='bbox 143 631 361 713; x_wconf 77' lang='lat' dir='ltr'><em>expertum,</em></span> <span class='ocrx_word' id='word_1_8' title='bbox 377 615 522 686; x_wconf 86' lang='lat' dir='ltr'><em>nullam</em></span> <span class='ocrx_word' id='word_1_9' title='bbox 539 622 577 685; x_wconf 89' lang='lat' dir='ltr'><em>in</em></span> <span class='ocrx_word' id='word_1_10' title='bbox 592 638 638 685; x_wconf 88' lang='lat' dir='ltr'><em>eo</em></span> <span class='ocrx_word' id='word_1_11' title='bbox 656 615 793 686; x_wconf 80' lang='lat' dir='ltr'><em>auxilio</em></span> <span class='ocrx_word' id='word_1_12' title='bbox 813 588 1104 685; x_wconf 68' lang='lat' dir='ltr'><em>utilitatemin-&#39;‘</em></span> 
     </span>
     <span class='ocr_line' id='line_1_3' title="bbox 84 731 1088 831; baseline -0.003 -28"><span class='ocrx_word' id='word_1_13' title='bbox 84 738 235 822; x_wconf 76' lang='lat' dir='ltr'><em>senisse,</em></span> <span class='ocrx_word' id='word_1_14' title='bbox 256 733 419 831; x_wconf 75' lang='lat' dir='ltr'><em>scripsit,</em></span> <span class='ocrx_word' id='word_1_15' title='bbox 446 733 511 805; x_wconf 88' lang='lat' dir='ltr'><em>sed</em></span> <span class='ocrx_word' id='word_1_16' title='bbox 527 748 562 804; x_wconf 87' lang='lat' dir='ltr'><em>et</em></span> <span class='ocrx_word' id='word_1_17' title='bbox 577 735 708 805; x_wconf 83' lang='lat' dir='ltr'><em>Caelius</em></span> <span class='ocrx_word' id='word_1_18' title='bbox 725 733 947 805; x_wconf 83' lang='lat' dir='ltr'><strong>Aurelianus</strong></span> <span class='ocrx_word' id='word_1_19' title='bbox 960 731 1013 828; x_wconf 83' lang='lat'><em>(1)</em></span> <span class='ocrx_word' id='word_1_20' title='bbox 1032 732 1088 802; x_wconf 91' lang='lat' dir='ltr'><em>di-</em></span> 
     </span>
     <span class='ocr_line' id='line_1_4' title="bbox 80 834 1085 950; baseline -0.001 -30"><span class='ocrx_word' id='word_1_21' title='bbox 80 864 247 937; x_wconf 82' lang='lat' dir='ltr'><em>serte,ut</em></span> <span class='ocrx_word' id='word_1_22' title='bbox 264 852 417 921; x_wconf 90' lang='lat' dir='ltr'><em>noxium</em></span> <span class='ocrx_word' id='word_1_23' title='bbox 429 834 715 950; x_wconf 78' lang='lat' dir='ltr'><em>improbaverat,</em></span> <span class='ocrx_word' id='word_1_24' title='bbox 735 849 857 921; x_wconf 86' lang='lat' dir='ltr'><strong>Julius</strong></span> <span class='ocrx_word' id='word_1_25' title='bbox 871 864 996 935; x_wconf 85' lang='lat' dir='ltr'><em>autem</em></span> <span class='ocrx_word' id='word_1_26' title='bbox 1006 850 1085 920; x_wconf 83' lang='lat' dir='ltr'><em>Pal-</em></span> 
     </span>
     <span class='ocr_line' id='line_1_5' title="bbox 78 966 1088 1065; baseline 0.001 -29"><span class='ocrx_word' id='word_1_27' title='bbox 78 966 216 1039; x_wconf 84' lang='lat' dir='ltr'><em>marius</em></span> <span class='ocrx_word' id='word_1_28' title='bbox 229 968 284 1065; x_wconf 71' lang='lat' dir='ltr'><em>(a)</em></span> <span class='ocrx_word' id='word_1_29' title='bbox 294 967 509 1055; x_wconf 84' lang='lat' dir='ltr'>admonuit,</span> <span class='ocrx_word' id='word_1_30' title='bbox 526 974 635 1038; x_wconf 87' lang='lat' dir='ltr'><em>istam</em></span> <span class='ocrx_word' id='word_1_31' title='bbox 648 972 878 1038; x_wconf 83' lang='lat' dir='ltr'><em>curationem</em></span> <span class='ocrx_word' id='word_1_32' title='bbox 891 967 1088 1059; x_wconf 73' lang='lat' dir='ltr'><em>infeliciter</em></span> 
     </span>
     <span class='ocr_line' id='line_1_6' title="bbox 78 1074 1082 1184; baseline -0.001 -30"><span class='ocrx_word' id='word_1_33' title='bbox 78 1090 239 1172; x_wconf 78' lang='lat' dir='ltr'><em>cessisse,</em></span> <span class='ocrx_word' id='word_1_34' title='bbox 259 1074 468 1157; x_wconf 41' lang='lat' dir='ltr'><em>maltoram‘</em></span> <span class='ocrx_word' id='word_1_35' title='bbox 489 1076 720 1184; x_wconf 81' lang='lat' dir='ltr'><em>experientia</em></span> <span class='ocrx_word' id='word_1_36' title='bbox 746 1099 974 1183; x_wconf 83' lang='lat' dir='ltr'><em>compertam</em></span> <span class='ocrx_word' id='word_1_37' title='bbox 995 1108 1082 1155; x_wconf 88' lang='lat' dir='ltr'><em>esse.</em></span> 
     </span>
     <span class='ocr_line' id='line_1_7' title="bbox 79 1200 1085 1301; baseline 0.002 -31"><span class='ocrx_word' id='word_1_38' title='bbox 79 1216 177 1274; x_wconf 84' lang='lat' dir='ltr'><em>etna</em></span> <span class='ocrx_word' id='word_1_39' title='bbox 196 1200 295 1274; x_wconf 87' lang='lat' dir='ltr'><em>forte</em></span> <span class='ocrx_word' id='word_1_40' title='bbox 314 1202 445 1276; x_wconf 84' lang='lat' dir='ltr'><em>eredas</em></span> <span class='ocrx_word' id='word_1_41' title='bbox 468 1203 506 1273; x_wconf 93' lang='lat' dir='ltr'><em>id</em></span> <span class='ocrx_word' id='word_1_42' title='bbox 530 1219 731 1301; x_wconf 84' lang='lat' dir='ltr'><em>propterea</em></span> <span class='ocrx_word' id='word_1_43' title='bbox 755 1202 951 1290; x_wconf 85' lang='lat' dir='ltr'><em>accidisse,</em></span> <span class='ocrx_word' id='word_1_44' title='bbox 979 1201 1085 1299; x_wconf 88' lang='lat' dir='ltr'>quod</span> 
     </span>
     <span class='ocr_line' id='line_1_8' title="bbox 77 1317 1084 1417; baseline 0.001 -31"><span class='ocrx_word' id='word_1_45' title='bbox 77 1341 152 1388; x_wconf 90' lang='lat' dir='ltr'><em>non</em></span> <span class='ocrx_word' id='word_1_46' title='bbox 161 1324 337 1417; x_wconf 83' lang='lat' dir='ltr'><em>piscina,</em></span> <span class='ocrx_word' id='word_1_47' title='bbox 356 1319 420 1391; x_wconf 90' lang='lat' dir='ltr'><em>sed</em></span> <span class='ocrx_word' id='word_1_48' title='bbox 435 1320 549 1409; x_wconf 88' lang='lat' dir='ltr'><em>mari,</em></span> <span class='ocrx_word' id='word_1_49' title='bbox 569 1334 611 1392; x_wconf 90' lang='lat' dir='ltr'><em>ut</em></span> <span class='ocrx_word' id='word_1_50' title='bbox 626 1319 832 1390; x_wconf 85' lang='lat' dir='ltr'><em>Palmarius</em></span> <span class='ocrx_word' id='word_1_51' title='bbox 848 1317 1008 1406; x_wconf 88' lang='lat' dir='ltr'><em>indicat,</em></span> <span class='ocrx_word' id='word_1_52' title='bbox 1026 1318 1084 1390; x_wconf 90' lang='lat' dir='ltr'><em>usi</em></span> 
     </span>
     <span class='ocr_line' id='line_1_9' title="bbox 78 1434 1084 1533; baseline 0 -27"><span class='ocrx_word' id='word_1_53' title='bbox 78 1450 213 1523; x_wconf 84' lang='lat' dir='ltr'><em>essent,</em></span> <span class='ocrx_word' id='word_1_54' title='bbox 233 1452 333 1508; x_wconf 88' lang='lat' dir='ltr'><em>certe</em></span> <span class='ocrx_word' id='word_1_55' title='bbox 350 1436 668 1533; x_wconf 80' lang='lat' dir='ltr'><em>Aromatarius(3)</em></span> <span class='ocrx_word' id='word_1_56' title='bbox 687 1436 733 1508; x_wconf 89' lang='lat' dir='ltr'><em>de</em></span> <span class='ocrx_word' id='word_1_57' title='bbox 751 1436 845 1505; x_wconf 85' lang='lat' dir='ltr'><em>mari</em></span> <span class='ocrx_word' id='word_1_58' title='bbox 860 1459 938 1506; x_wconf 87' lang='lat' dir='ltr'><em>nou</em></span> <span class='ocrx_word' id='word_1_59' title='bbox 952 1434 1084 1531; x_wconf 85' lang='lat' dir='ltr'><em>loque·</em></span> 
     </span>
     <span class='ocr_line' id='line_1_10' title="bbox 77 1548 1084 1651; baseline -0.004 -25"><span class='ocrx_word' id='word_1_60' title='bbox 77 1548 200 1640; x_wconf 81' lang='lat' dir='ltr'><em>hatur,</em></span> <span class='ocrx_word' id='word_1_61' title='bbox 219 1576 308 1624; x_wconf 89' lang='lat' dir='ltr'><em>cum</em></span> <span class='ocrx_word' id='word_1_62' title='bbox 326 1552 400 1623; x_wconf 91' lang='lat' dir='ltr'><em>hoc</em></span> <span class='ocrx_word' id='word_1_63' title='bbox 418 1553 514 1626; x_wconf 88' lang='lat' dir='ltr'><em>Celsi</em></span> <span class='ocrx_word' id='word_1_64' title='bbox 522 1551 901 1651; x_wconf 83' lang='lat' dir='ltr'><em>periculosissimam,</em></span> <span class='ocrx_word' id='word_1_65' title='bbox 919 1551 991 1638; x_wconf 84' lang='lat' dir='ltr'><em>ait,</em></span> <span class='ocrx_word' id='word_1_66' title='bbox 1008 1577 1084 1622; x_wconf 87' lang='lat' dir='ltr'><em>esse</em></span> 
     </span>
     <span class='ocr_line' id='line_1_11' title="bbox 77 1667 1081 1767; baseline 0.001 -31"><span class='ocrx_word' id='word_1_67' title='bbox 77 1668 276 1740; x_wconf 76' lang='lat' dir='ltr'><em>remedium</em></span> <span class='ocrx_word' id='word_1_68' title='bbox 280 1696 293 1756; x_wconf 89' lang='lat'><em>;</em></span> <span class='ocrx_word' id='word_1_69' title='bbox 304 1669 425 1742; x_wconf 79' lang='lat' dir='ltr'><em>ueluti</em></span> <span class='ocrx_word' id='word_1_70' title='bbox 430 1671 535 1767; x_wconf 84' lang='lat' dir='ltr'><em>quod</em></span> <span class='ocrx_word' id='word_1_71' title='bbox 530 1668 963 1764; x_wconf 81' lang='lat' dir='ltr'><em>facillimestrangalare</em></span> <span class='ocrx_word' id='word_1_72' title='bbox 977 1667 1081 1738; x_wconf 87' lang='lat' dir='ltr'><em>solet.</em></span> 
     </span>
     <span class='ocr_line' id='line_1_12' title="bbox 79 1785 1083 1884; baseline 0.001 -28"><span class='ocrx_word' id='word_1_73' title='bbox 79 1785 172 1874; x_wconf 88' lang='lat' dir='ltr'><em>Quid</em></span> <span class='ocrx_word' id='word_1_74' title='bbox 197 1812 289 1884; x_wconf 85' lang='lat' dir='ltr'><em>ergo</em></span> <span class='ocrx_word' id='word_1_75' title='bbox 308 1789 390 1858; x_wconf 84' lang='lat' dir='ltr'><em>est?</em></span> <span class='ocrx_word' id='word_1_76' title='bbox 409 1813 502 1858; x_wconf 87' lang='lat' dir='ltr'><em>num</em></span> <span class='ocrx_word' id='word_1_77' title='bbox 524 1787 650 1858; x_wconf 90' lang='lat' dir='ltr'><em>minus</em></span> <span class='ocrx_word' id='word_1_78' title='bbox 674 1785 831 1859; x_wconf 79' lang='lat' dir='ltr'><em>feliciter</em></span> <span class='ocrx_word' id='word_1_79' title='bbox 852 1811 911 1857; x_wconf 86' lang='lat' dir='ltr'><em>res</em></span> <span class='ocrx_word' id='word_1_80' title='bbox 936 1806 1083 1857; x_wconf 88' lang='lat' dir='ltr'><em>succes·</em></span> 
     </span>
     <span class='ocr_line' id='line_1_13' title="bbox 79 1900 1083 2004; baseline 0 -32"><span class='ocrx_word' id='word_1_81' title='bbox 79 1903 139 1989; x_wconf 87' lang='lat' dir='ltr'><em>sit,</em></span> <span class='ocrx_word' id='word_1_82' title='bbox 165 1904 273 2002; x_wconf 90' lang='lat' dir='ltr'>quod</span> <span class='ocrx_word' id='word_1_83' title='bbox 300 1930 345 1975; x_wconf 91' lang='lat' dir='ltr'><em>ne</em></span> <span class='ocrx_word' id='word_1_84' title='bbox 369 1909 556 2003; x_wconf 80' lang='lat' dir='ltr'><em>infirmant</em></span> <span class='ocrx_word' id='word_1_85' title='bbox 573 1930 724 2004; x_wconf 81' lang='lat' dir='ltr'><em>eorpus,</em></span> <span class='ocrx_word' id='word_1_86' title='bbox 754 1910 791 1973; x_wconf 89' lang='lat' dir='ltr'><em>in</em></span> <span class='ocrx_word' id='word_1_87' title='bbox 813 1929 916 2001; x_wconf 85' lang='lat' dir='ltr'><em>aqna</em></span> <span class='ocrx_word' id='word_1_88' title='bbox 931 1900 1083 1998; x_wconf 76' lang='lat' dir='ltr'><em>frigida</em></span> 
     </span>
     <span class='ocr_line' id='line_1_14' title="bbox 78 2020 1138 2109; baseline 0.006 -20"><span class='ocrx_word' id='word_1_89' title='bbox 78 2036 277 2109; x_wconf 79' lang='lat' dir='ltr'><em>vexatam,</em></span> <span class='ocrx_word' id='word_1_90' title='bbox 294 2048 490 2093; x_wconf 82' lang='lat' dir='ltr'><em>nervorum</em></span> <span class='ocrx_word' id='word_1_91' title='bbox 504 2020 676 2094; x_wconf 75' lang='lat' dir='ltr'><em>distentio</em></span> <span class='ocrx_word' id='word_1_92' title='bbox 699 2024 925 2109; x_wconf 76' lang='lat' dir='ltr'><em>absumeret,</em></span> <span class='ocrx_word' id='word_1_93' title='bbox 950 2044 1081 2090; x_wconf 85' lang='lat' dir='ltr'><em>cavere</em></span> <span class='ocrx_word' id='word_1_94' title='bbox 1133 2092 1138 2095; x_wconf 83' lang='lat'>.</span> 
     </span>
     <span class='ocr_line' id='line_1_15' title="bbox 82 2135 1159 2238; baseline 0.004 -34"><span class='ocrx_word' id='word_1_95' title='bbox 82 2135 146 2226; x_wconf 79' lang='lat' dir='ltr'><em>ita,</em></span> <span class='ocrx_word' id='word_1_96' title='bbox 178 2140 235 2209; x_wconf 89' lang='lat' dir='ltr'><em>uti</em></span> <span class='ocrx_word' id='word_1_97' title='bbox 269 2140 398 2212; x_wconf 87' lang='lat' dir='ltr'><em>Celsus</em></span> <span class='ocrx_word' id='word_1_98' title='bbox 431 2139 580 2230; x_wconf 90' lang='lat' dir='ltr'><em>docuit,</em></span> <span class='ocrx_word' id='word_1_99' title='bbox 614 2139 882 2238; x_wconf 71' lang='lat' dir='ltr'><em>neglexerunt,</em></span> <span class='ocrx_word' id='word_1_100' title='bbox 908 2135 1082 2208; x_wconf 89' lang='lat' dir='ltr'><em>videlicet</em></span> <span class='ocrx_word' id='word_1_101' title='bbox 1157 2188 1159 2195; x_wconf 22' lang='grc' dir='ltr'>κ</span> 
     </span>
     <span class='ocr_line' id='line_1_16' title="bbox 78 2254 1080 2356; baseline 0 -33"><span class='ocrx_word' id='word_1_102' title='bbox 78 2277 100 2322; x_wconf 92' lang='lat' dir='ltr'><em>a</em></span> <span class='ocrx_word' id='word_1_103' title='bbox 114 2261 263 2352; x_wconf 85' lang='lat' dir='ltr'><em>piscina</em></span> <span class='ocrx_word' id='word_1_104' title='bbox 279 2263 458 2356; x_wconf 83' lang='lat' dir='ltr'><em>protinas</em></span> <span class='ocrx_word' id='word_1_105' title='bbox 482 2263 519 2327; x_wconf 90' lang='lat' dir='ltr'><em>in</em></span> <span class='ocrx_word' id='word_1_106' title='bbox 548 2257 671 2329; x_wconf 85' lang='lat' dir='ltr'><em>oleum</em></span> <span class='ocrx_word' id='word_1_107' title='bbox 698 2256 862 2327; x_wconf 84' lang='lat' dir='ltr'><em>calidam</em></span> <span class='ocrx_word' id='word_1_108' title='bbox 888 2254 1080 2327; x_wconf 84' lang='lat' dir='ltr'><em>demitten-</em></span> 
     </span>
     <span class='ocr_line' id='line_1_17' title="bbox 78 2369 1082 2474; baseline 0.001 -35"><span class='ocrx_word' id='word_1_109' title='bbox 78 2369 143 2460; x_wconf 87' lang='lat' dir='ltr'><em>da,</em></span> <span class='ocrx_word' id='word_1_110' title='bbox 160 2373 285 2470; x_wconf 90' lang='lat' dir='ltr'>quod,</span> <span class='ocrx_word' id='word_1_111' title='bbox 309 2373 444 2470; x_wconf 84' lang='lat' dir='ltr'><em>hyeme</em></span> <span class='ocrx_word' id='word_1_112' title='bbox 467 2376 693 2474; x_wconf 76' lang='lat' dir='ltr'><em>praesertim,</em></span> <span class='ocrx_word' id='word_1_113' title='bbox 713 2370 964 2445; x_wconf 83' lang='lat' dir='ltr'><em>necessarium</em></span> <span class='ocrx_word' id='word_1_114' title='bbox 992 2395 1082 2441; x_wconf 64' lang='lat' dir='ltr'><em>aenu</em></span> 
     </span>
     <span class='ocr_line' id='line_1_18' title="bbox 34 2488 1079 2591; baseline 0.002 -34"><span class='ocrx_word' id='word_1_115' title='bbox 34 2490 39 2501; x_wconf 72' lang='grc'><em>“</em></span> <span class='ocrx_word' id='word_1_116' title='bbox 79 2503 154 2560; x_wconf 87' lang='lat' dir='ltr'><em>sent</em></span> <span class='ocrx_word' id='word_1_117' title='bbox 169 2491 371 2563; x_wconf 80' lang='lat' dir='ltr'>nonnulli?</span> <span class='ocrx_word' id='word_1_118' title='bbox 401 2517 618 2591; x_wconf 89' lang='lat' dir='ltr'>quanquam</span> <span class='ocrx_word' id='word_1_119' title='bbox 636 2492 743 2563; x_wconf 83' lang='lat' dir='ltr'><em>illurn</em></span> <span class='ocrx_word' id='word_1_120' title='bbox 760 2490 897 2563; x_wconf 85' lang='lat' dir='ltr'><em>Meadii</em></span> <span class='ocrx_word' id='word_1_121' title='bbox 915 2488 969 2584; x_wconf 71' lang='lat' dir='ltr'><em>(l)</em></span> <span class='ocrx_word' id='word_1_122' title='bbox 986 2512 1079 2586; x_wconf 88' lang='lat' dir='ltr'><em>pue-</em></span> 
     </span>
     <span class='ocr_line' id='line_1_19' title="bbox 78 2605 1078 2707; baseline 0.005 -35"><span class='ocrx_word' id='word_1_123' title='bbox 78 2627 157 2679; x_wconf 85' lang='lat' dir='ltr'><em>rum</em></span> <span class='ocrx_word' id='word_1_124' title='bbox 181 2607 294 2681; x_wconf 85' lang='lat' dir='ltr'><em>video</em></span> <span class='ocrx_word' id='word_1_125' title='bbox 324 2610 362 2679; x_wconf 90' lang='lat' dir='ltr'><em>in</em></span> <span class='ocrx_word' id='word_1_126' title='bbox 387 2611 465 2707; x_wconf 85' lang='lat' dir='ltr'><em>ipsa</em></span> <span class='ocrx_word' id='word_1_127' title='bbox 491 2635 588 2707; x_wconf 80' lang='lat' dir='ltr'><em>aqua</em></span> <span class='ocrx_word' id='word_1_128' title='bbox 619 2609 736 2680; x_wconf 87' lang='lat' dir='ltr'><em>calida</em></span> <span class='ocrx_word' id='word_1_129' title='bbox 764 2609 839 2679; x_wconf 87' lang='lat' dir='ltr'><em>cito</em></span> <span class='ocrx_word' id='word_1_130' title='bbox 866 2605 1078 2677; x_wconf 73' lang='lat' dir='ltr'><em>convulsio·</em></span> 
     </span>
     <span class='ocr_line' id='line_1_20' title="bbox 77 2716 1079 2825; baseline 0.003 -36"><span class='ocrx_word' id='word_1_131' title='bbox 77 2721 183 2795; x_wconf 87' lang='lat' dir='ltr'><em>nibus</em></span> <span class='ocrx_word' id='word_1_132' title='bbox 200 2722 314 2796; x_wconf 82' lang='lat' dir='ltr'><em>fuisse</em></span> <span class='ocrx_word' id='word_1_133' title='bbox 333 2726 574 2825; x_wconf 87' lang='lat' dir='ltr'><em>prehensum.</em></span> <span class='ocrx_word' id='word_1_134' title='bbox 595 2729 652 2797; x_wconf 82' lang='lat' dir='ltr'><em>An</em></span> <span class='ocrx_word' id='word_1_135' title='bbox 671 2725 778 2823; x_wconf 92' lang='lat' dir='ltr'>quod</span> <span class='ocrx_word' id='word_1_136' title='bbox 799 2716 957 2795; x_wconf 79' lang='lat' dir='ltr'><em>alterum</em></span> <span class='ocrx_word' id='word_1_137' title='bbox 982 2721 1079 2792; x_wconf 86' lang='lat' dir='ltr'><em>Celsi</em></span> 
     </span>
     <span class='ocr_line' id='line_1_21' title="bbox 77 2842 1078 2939; baseline 0 -31"><span class='ocrx_word' id='word_1_138' title='bbox 77 2857 301 2939; x_wconf 80' lang='lat' dir='ltr'><em>praeceptum</em></span> <span class='ocrx_word' id='word_1_139' title='bbox 320 2868 400 2914; x_wconf 91' lang='lat' dir='ltr'><em>non</em></span> <span class='ocrx_word' id='word_1_140' title='bbox 417 2850 633 2927; x_wconf 65' lang='lat' dir='ltr'><em>servarunt,</em></span> <span class='ocrx_word' id='word_1_141' title='bbox 647 2869 714 2914; x_wconf 84' lang='lat' dir='ltr'><em>nee</em></span> <span class='ocrx_word' id='word_1_142' title='bbox 728 2848 946 2939; x_wconf 81' lang='lat' dir='ltr'><em>opinantem</em></span> <span class='ocrx_word' id='word_1_143' title='bbox 961 2842 1078 2935; x_wconf 80' lang='lat' dir='ltr'><em>inpia·</em></span> 
     </span>
     <span class='ocr_line' id='line_1_22' title="bbox 78 2955 1078 3057; baseline 0.003 -34"><span class='ocrx_word' id='word_1_144' title='bbox 78 2961 192 3028; x_wconf 80' lang='lat' dir='ltr'><em>sinam</em></span> <span class='ocrx_word' id='word_1_145' title='bbox 212 2983 290 3029; x_wconf 88' lang='lat' dir='ltr'><em>non</em></span> <span class='ocrx_word' id='word_1_146' title='bbox 309 2975 398 3030; x_wconf 88' lang='lat' dir='ltr'><em>ante</em></span> <span class='ocrx_word' id='word_1_147' title='bbox 424 2965 461 3029; x_wconf 89' lang='lat' dir='ltr'><em>ei</em></span> <span class='ocrx_word' id='word_1_148' title='bbox 471 2967 664 3057; x_wconf 74' lang='lat' dir='ltr'><em>provisam</em></span> <span class='ocrx_word' id='word_1_149' title='bbox 680 2958 951 3057; x_wconf 75' lang='lat' dir='ltr'><em>projicientes?</em></span> <span class='ocrx_word' id='word_1_150' title='bbox 973 2955 1078 3053; x_wconf 86' lang='lat' dir='ltr'>quod</span> 
     </span>
     <span class='ocr_line' id='line_1_23' title="bbox 78 3054 1081 3173; baseline 0.003 -32"><span class='ocrx_word' id='word_1_151' title='bbox 78 3054 315 3148; x_wconf 75' lang='lat' dir='ltr'><em>Ettmullerus</em></span> <span class='ocrx_word' id='word_1_152' title='bbox 335 3074 389 3173; x_wconf 83' lang='lat'><em>(5)</em></span> <span class='ocrx_word' id='word_1_153' title='bbox 408 3076 593 3164; x_wconf 79' lang='lat' dir='ltr'><em>inculcat,</em></span> <span class='ocrx_word' id='word_1_154' title='bbox 629 3091 710 3146; x_wconf 88' lang='lat' dir='ltr'><em>tum</em></span> <span class='ocrx_word' id='word_1_155' title='bbox 738 3073 884 3170; x_wconf 85' lang='lat' dir='ltr'><em>Ridleyi</em></span> <span class='ocrx_word' id='word_1_156' title='bbox 910 3073 1081 3145; x_wconf 86' lang='lat' dir='ltr'><em>observa-</em></span> 
     </span>
     <span class='ocr_line' id='line_1_24' title="bbox 78 3187 1080 3290; baseline 0.006 -34"><span class='ocrx_word' id='word_1_157' title='bbox 78 3187 127 3258; x_wconf 87' lang='lat' dir='ltr'><em>tio</em></span> <span class='ocrx_word' id='word_1_158' title='bbox 144 3188 197 3287; x_wconf 81' lang='lat'><em>(6)</em></span> <span class='ocrx_word' id='word_1_159' title='bbox 212 3190 363 3263; x_wconf 84' lang='lat' dir='ltr'><em>videtur</em></span> <span class='ocrx_word' id='word_1_160' title='bbox 379 3191 599 3290; x_wconf 83' lang='lat' dir='ltr'><em>significare.</em></span> <span class='ocrx_word' id='word_1_161' title='bbox 621 3196 678 3263; x_wconf 83' lang='lat' dir='ltr'><em>An</em></span> <span class='ocrx_word' id='word_1_162' title='bbox 697 3191 801 3289; x_wconf 92' lang='lat' dir='ltr'>quod</span> <span class='ocrx_word' id='word_1_163' title='bbox 817 3191 954 3276; x_wconf 88' lang='lat' dir='ltr'><em>serius,</em></span> <span class='ocrx_word' id='word_1_164' title='bbox 969 3190 1008 3260; x_wconf 93' lang='lat' dir='ltr'><em>id</em></span> <span class='ocrx_word' id='word_1_165' title='bbox 1025 3205 1080 3262; x_wconf 89' lang='lat' dir='ltr'><em>est</em></span> 
     </span>
     <span class='ocr_line' id='line_1_25' title="bbox 79 3308 1080 3409; baseline 0.004 -36"><span class='ocrx_word' id='word_1_166' title='bbox 79 3310 136 3374; x_wconf 88' lang='lat' dir='ltr'><em>siti</em></span> <span class='ocrx_word' id='word_1_167' title='bbox 160 3323 198 3378; x_wconf 87' lang='lat' dir='ltr'><em>et</em></span> <span class='ocrx_word' id='word_1_168' title='bbox 219 3334 333 3407; x_wconf 83' lang='lat' dir='ltr'><em>aqaoe</em></span> <span class='ocrx_word' id='word_1_169' title='bbox 356 3324 454 3380; x_wconf 84' lang='lat' dir='ltr'><em>metu</em></span> <span class='ocrx_word' id='word_1_170' title='bbox 472 3311 548 3405; x_wconf 86' lang='lat' dir='ltr'><em>jam</em></span> <span class='ocrx_word' id='word_1_171' title='bbox 575 3334 770 3409; x_wconf 84' lang='lat' dir='ltr'><em>oppressos</em></span> <span class='ocrx_word' id='word_1_172' title='bbox 792 3308 1080 3380; x_wconf 80' lang='lat' dir='ltr'><em>demerserunt?</em></span> 
     </span>
    </p>
   </div>
   <div class='ocr_carea' id='block_1_3' title="bbox 122 3638 839 4114">
    <p class='ocr_par' dir='ltr' id='par_1_3' title="bbox 122 3638 839 4114">
     <span class='ocr_line' id='line_1_26' title="bbox 180 3638 604 3714; baseline 0.002 -20"><span class='ocrx_word' id='word_1_173' title='bbox 180 3640 214 3694; x_wconf 91' lang='lat' dir='ltr'><em>C.</em></span> <span class='ocrx_word' id='word_1_174' title='bbox 234 3639 266 3708; x_wconf 81' lang='lat'><em>3,</em></span> <span class='ocrx_word' id='word_1_175' title='bbox 282 3641 301 3694; x_wconf 94' lang='lat' dir='ltr'><em>l.</em></span> <span class='ocrx_word' id='word_1_176' title='bbox 321 3638 370 3695; x_wconf 84' lang='lat' dir='ltr'><em>ait.</em></span> <span class='ocrx_word' id='word_1_177' title='bbox 387 3657 493 3714; x_wconf 86' lang='lat' dir='ltr'><em>supra,</em></span> <span class='ocrx_word' id='word_1_178' title='bbox 509 3658 539 3695; x_wconf 92' lang='lat' dir='ltr'><em>n.</em></span> <span class='ocrx_word' id='word_1_179' title='bbox 556 3657 604 3695; x_wconf 65' lang='grc' dir='ltr'><em>αα.</em></span> 
     </span>
     <span class='ocr_line' id='line_1_27' title="bbox 180 3732 839 3813; baseline 0.005 -21"><span class='ocrx_word' id='word_1_180' title='bbox 180 3738 263 3812; x_wconf 88' lang='lat' dir='ltr'><em>Disp.</em></span> <span class='ocrx_word' id='word_1_181' title='bbox 276 3738 313 3794; x_wconf 87' lang='lat' dir='ltr'><em>de</em></span> <span class='ocrx_word' id='word_1_182' title='bbox 324 3738 416 3794; x_wconf 82' lang='lat' dir='ltr'><em>Rabie</em></span> <span class='ocrx_word' id='word_1_183' title='bbox 431 3741 509 3794; x_wconf 85' lang='lat' dir='ltr'><em>Part.</em></span> <span class='ocrx_word' id='word_1_184' title='bbox 526 3736 557 3809; x_wconf 83' lang='lat'><em>5,</em></span> <span class='ocrx_word' id='word_1_185' title='bbox 572 3738 679 3813; x_wconf 86' lang='lat' dir='ltr'><em>partic.</em></span> <span class='ocrx_word' id='word_1_186' title='bbox 693 3739 721 3795; x_wconf 83' lang='lat'><em>3.</em></span> <span class='ocrx_word' id='word_1_187' title='bbox 835 3732 839 3739; x_wconf 68' lang='grc'>’</span> 
     </span>
     <span class='ocr_line' id='line_1_28' title="bbox 181 3838 749 3912; baseline 0.004 -19"><span class='ocrx_word' id='word_1_188' title='bbox 181 3838 295 3912; x_wconf 83' lang='lat' dir='ltr'><em>Supra,</em></span> <span class='ocrx_word' id='word_1_189' title='bbox 312 3858 342 3894; x_wconf 86' lang='lat' dir='ltr'><em>n.</em></span> <span class='ocrx_word' id='word_1_190' title='bbox 362 3844 410 3905; x_wconf 70' lang='lat'><em>24.</em></span> <span class='ocrx_word' id='word_1_191' title='bbox 746 3858 749 3866; x_wconf 45' lang='lat'>⁸</span> 
     </span>
     <span class='ocr_line' id='line_1_29' title="bbox 182 3937 412 3997; baseline 0.004 -6"><span class='ocrx_word' id='word_1_192' title='bbox 182 3938 248 3992; x_wconf 78' lang='lat' dir='ltr'><em>Art.</em></span> <span class='ocrx_word' id='word_1_193' title='bbox 266 3948 294 3993; x_wconf 81' lang='lat' dir='ltr'><em>et</em></span> <span class='ocrx_word' id='word_1_194' title='bbox 307 3956 346 3997; x_wconf 87' lang='lat' dir='ltr'><em>m.</em></span> <span class='ocrx_word' id='word_1_195' title='bbox 362 3937 412 3994; x_wconf 87' lang='lat' dir='ltr'><em>cit.</em></span> 
     </span>
     <span class='ocr_line' id='line_1_30' title="bbox 122 4031 780 4114; baseline 0 -24"><span class='ocrx_word' id='word_1_196' title='bbox 122 4031 164 4110; x_wconf 82' lang='lat'><em>(6)</em></span> <span class='ocrx_word' id='word_1_197' title='bbox 185 4037 251 4093; x_wconf 81' lang='lat' dir='ltr'><em>Act.</em></span> <span class='ocrx_word' id='word_1_198' title='bbox 267 4038 360 4095; x_wconf 84' lang='lat' dir='ltr'>Erud.</span> <span class='ocrx_word' id='word_1_199' title='bbox 375 4039 457 4114; x_wconf 86' lang='lat' dir='ltr'><em>Lips.</em></span> <span class='ocrx_word' id='word_1_200' title='bbox 475 4057 513 4095; x_wconf 81' lang='lat' dir='ltr'><em>an</em></span> <span class='ocrx_word' id='word_1_201' title='bbox 529 4036 621 4109; x_wconf 84' lang='lat'><em>1705&#39;,</em></span> <span class='ocrx_word' id='word_1_202' title='bbox 635 4040 676 4092; x_wconf 89' lang='grc' dir='ltr'><em>Μ.</em></span> <span class='ocrx_word' id='word_1_203' title='bbox 692 4039 780 4091; x_wconf 88' lang='lat' dir='ltr'><em>Mart.</em></span> 
     </span>
    </p>
   </div>
   <div class='ocr_carea' id='block_1_4' title="bbox 0 0 1396 4668">
    <p class='ocr_par' dir='ltr' id='par_1_4' title="bbox 0 0 1396 4668">
     <span class='ocr_line' id='line_1_31' title="bbox 0 0 1396 4668; baseline 0 0"><span class='ocrx_word' id='word_1_204' title='bbox 0 0 1396 4668; x_wconf 95' lang='lat' dir='ltr'><em> </em></span> 
     </span>
    </p>
   </div>
  </div>
 </body>
</html>
