2780 4666
233 497 303 547 na.
331 500 355 546 1.
385 502 430 547 nn
457 492 592 551 nouus
617 498 771 566 cirins,
796 501 905 553 uorsa.
932 504 967 587 n
1029 483 1099 581 293

107 627 275 684 mentum
293 614 407 702 vasis,
430 629 521 710 puta
539 616 688 703 venosi,
703 592 1002 688 viventis-,bestia
1018 643 1101 690 arc-

106 730 256 801 tissimis
281 731 460 833 utrinque
489 730 649 802 vinculis
673 732 915 804 constrictum
930 787 948 820 ,.
967 735 1102 807 abscis-

106 869 264 943 sumque
286 847 325 917 iu
350 847 535 942 Boyleana
558 846 734 919 machina
760 863 941 946 ponatur3
960 865 1003 922 ut
1029 853 1100 922 cir-

104 964 381 1058 cumjectusaer
390 962 634 1050 subducatur,
643 966 693 1035 ita
705 966 735 1036 is
749 966 815 1062 qui
824 969 1098 1065 cumsanguine

60 1092 62 1096 ’
103 1080 272 1152 inclusus
294 1095 368 1168 est,
392 1103 455 1154 vas
474 1080 568 1153 illud
587 1080 781 1154 distendet.
805 1086 849 1152 Et
868 1107 954 1154 sane
973 1086 1046 1156 nisi
1057 1110 1100 1157 ,se

101 1220 161 1267 res
181 1197 234 1267 sic
257 1194 433 1284 haberet,
460 1195 571 1293 hujus
593 1200 634 1267 in
660 1222 737 1296 quo
756 1212 883 1269 nostra
904 1214 992 1281 sunt
1017 1225 1101 1271 cor-

102 1338 217 1410 pora,
235 1315 330 1411 aeris
358 1315 500 1385 circum
525 1314 693 1412 undique
711 1317 918 1414 prementis
934 1316 1011 1406 vis,
1034 1342 1100 1388 ur-

102 1429 228 1527 gendo
260 1455 371 1519 vasa,
401 1432 548 1502 motum¹
586 1433 775 1528 sanguinis
815 1429 1099 1522 sufflaminaret3

101 1571 217 1643 quem
237 1571 340 1619 nunc
363 1547 543 1620 admistus
559 1555 622 1618 ae‘r
636 1562 761 1619 tuetur
778 1574 857 1619 non
876 1550 1011 1649 impari
1034 1575 1099 1622 co-

100 1678 211 1752 natu3
228 1688 316 1734 nam
337 1688 422 1735 cum
441 1686 547 1761 aequs
559 1679 671 1759 atque
686 1663 748 1734 hic
765 1667 947 1755 exterior,
962 1680 1100 1762 proeter

99 1796 276 1852 naturam
290 1796 438 1850 coactus
452 1786 518 1866 sit,
537 1793 579 1850 ut
595 1779 758 1849 Platonis
773 1777 828 1875 (1)
845 1779 969 1851 verbis
994 1795 1099 1870 utar,

98 1920 204 1994 aeque
222 1897 423 1968 secandum
450 1909 627 1965 naturam
652 1900 837 1982 renititur,
866 1921 977 1993 seque
993 1923 1096 1970 revo-

97 2039 185 2085 care
202 2020 240 2087 in
258 2019 486 2085 contrarium
505 2027 686 2083 conatur:
707 2013 834 2109 itaque
853 2011 944 2083 dum
962 2030 1096 2087 neuter

96 2131 290 2229 praevalet,
310 2131 408 2203 salva
433 2154 493 2200 res
518 2144 581 2201 est.
608 2135 747 2201 Verum
771 2144 815 2199 ut
838 2129 957 2210 hanc,
981 2146 1097 2230 atque

96 2249 203 2335 alias,
221 2271 312 2344 quas
325 2272 426 2318 nunc
444 2270 653 2317 memorare
672 2269 823 2317 necesse
836 2231 998 2336 nonest,
1017 2273 1099 2319 san·

96 2366 204 2464 guini
231 2363 393 2462 praebeat
411 2364 608 2451 utilitates,
624 2388 762 2434 noxam
788 2379 912 2435 autem
930 2366 1094 2455 nullam3

94 2484 142 2555 sit
171 2483 212 2551 in
237 2481 409 2552 minimas
437 2496 561 2578 partes
581 2480 797 2578 dispertitus
826 2497 992 2577 oportet,
1012 2507 1095 2579 quae

93 2602 195 2671 inter
210 2599 383 2669 minimas
393 2599 581 2696 sanguinis
591 2598 729 2668 lateant
742 2598 863 2694 probe
876 2599 1093 2693 interjectae,

93 2732 132 2789 et
150 2717 257 2813 quasi
270 2714 471 2793 dissoluta.
496 2717 591 2786 Nam
617 2715 648 2784 si
668 2738 713 2783 ex
736 2710 871 2783 harum
895 2715 1093 2810 complexu

93 2858 135 2905 se
153 2833 354 2920 extrioent,
386 2832 541 2928 aliaeque
569 2830 649 2901 aliis
675 2845 901 2917 occurrant,
923 2852 1000 2901 non
1036 2856 1092 2903 se-

92 2968 158 3021 cus
173 2973 217 3019 ac
234 2949 439 3045 perminuti
456 2944 852 3043 hydrargyriglobuli‚
871 2948 909 3015 in
922 2946 1092 3041 grandio-

90 3091 151 3138 res
173 3079 348 3163 prompte
366 3063 601 3150 aoalescunt,
620 3077 656 3132 et
680 3084 725 3132 ex
740 3061 923 3132 visoidulo
943 3066 1091 3161 sangui-

90 3185 149 3254 nis
169 3206 253 3253 sero
274 3180 345 3251 sibi
366 3180 472 3277 quasi
493 3179 658 3250 tunicam
683 3176 944 3267 conficientes,
968 3178 1090 3252 bullas
1176 3174 1179 3178 “

91 3299 317 3397 conspicuas
336 3293 556 3382 efformant,
577 3296 652 3366 sive
676 3310 718 3365 ut
735 3294 897 3366 Platonis
916 3294 971 3392 (α)
987 3299 1090 3367 voci-

88 3414 161 3488 bus
169 3416 308 3487 iterum
318 3414 454 3511 loquar
465 3468 474 3502 ,
486 3427 599 3484 vento
614 3411 754 3482 incluso
765 3411 986 3482 humiditate
990 3439 1090 3511 pro-

89 3539 188 3604 tinas
213 3531 438 3621 circumfusa
452 3531 561 3625 fiunt
575 3527 772 3626 ampullas,
799 3553 884 3624 qaoe
898 3528 1088 3623 sigillatim

80 3663 244 3747 propter
260 3653 490 3742 parvitatem
511 3646 635 3718 videri
657 3670 734 3715 non
750 3658 929 3742 possunt,
941 3647 1090 3740 juncta

127 3930 173 4008 (1)
192 3934 229 3987 In
242 3932 363 3989 Timaeo.

129 4029 171 4108 (ω)
192 4029 273 4089 nu.
