2784 4668
287 398 337 495 96
456 420 503 465 nr
529 414 674 465 sturnos
699 416 743 462 rr
768 414 891 463 oans1s
917 374 1128 464 morionum

290 531 480 633 appellari
505 524 628 602 video.
654 531 710 601 Ne
730 543 855 601 autem
874 527 1023 618 credas,
1057 529 1292 629 apoplexiam

291 651 391 722 hanc
417 672 531 745 quam
560 642 797 743 frequentem
824 645 965 743 ubique
989 642 1102 719 fuisse
1123 646 1238 737 dicit,
1258 664 1294 720 et

292 765 493 866 paralysim
515 777 596 834 tum
616 764 743 834 vocari
766 763 937 851 solitam,
952 764 1154 862 paralysim
1170 767 1299 865 potius

294 883 406 955 fuisse
426 882 539 953 totius
552 882 744 979 corporis,
762 905 875 981 quam
892 904 1020 953 veram
1038 883 1297 982 apoplexiam

294 1000 463 1075 attendas
484 1014 654 1098 oportet,
677 1025 757 1070 non
784 998 901 1073 modo
921 1024 1061 1105 corpus
1079 1002 1298 1077 universum

295 1119 511 1205 resolvisse,
531 1132 574 1188 ut
589 1116 807 1215 'paraplexia
835 1115 890 1215 (1)
906 1116 981 1188 dici
999 1131 1146 1216 posset,
1166 1142 1298 1188 verum

296 1238 406 1307 etiam
423 1235 561 1305 mentis
569 1258 679 1305 usum
692 1234 955 1332 intercepisse,
970 1218 1011 1304 in
1028 1236 1108 1330 ejus
1121 1235 1225 1306 enim
1239 1259 1297 1306 cu·

295 1355 441 1424 ratione
462 1376 551 1436 mox
566 1376 586 1421 a
600 1351 707 1422 Celso
723 1350 777 1447 (a)
800 1353 1098 1449 pronunciatur,
1111 1367 1298 1451 pertran-

294 1475 417 1566 guim's
439 1474 663 1555 missionem,
679 1474 714 1538 si
727 1491 804 1535 non
819 1467 917 1538 redit
935 1481 972 1539 et
985 1483 1106 1538 motus
1122 1484 1159 1539 et
1174 1495 1296 1558 mens,

298 1586 394 1658 nzlzil
414 1592 496 1685 spei
519 1609 730 1683 superesse3
759 1609 808 1655 ne
837 1582 933 1654 illud
958 1608 1112 1683 quoque
1141 1585 1301 1676 addam,

298 1692 395 1800 saepe
416 1701 665 1801 paraplexiam
685 1699 740 1796 (3)
758 1689 951 1770 succedere
965 1698 1184 1799 apoplexia}
1189 1754 1202 1788 ,
1217 1718 1259 1773 ut
1272 1704 1303 1774 si

297 1820 361 1891 illa
380 1818 559 1915 frequens
578 1831 674 1904 erat,
696 1816 775 1886 haec
794 1839 948 1913 quoque
965 1812 1046 1887 non
1063 1841 1146 1886 rara
1169 1813 1303 1908 fuerit,

299 1960 451 2009 necesse
473 1935 528 2006 sit.
550 1931 651 2023 Quid
670 1957 760 2031 ergo
778 1946 877 2019 erat,
899 1933 1068 2031 inquieS,
1092 1932 1155 2003 illa
1175 1936 1302 2031 primo

300 2054 385 2126 loco
406 2051 631 2151 propositaa
647 2052 756 2122 Celso
769 2050 993 2152 apoplexia?
1009 2053 1048 2120 in
1063 2076 1137 2149 qua
1156 2066 1193 2123 et
1217 2077 1304 2125 cor-

301 2196 395 2270 pus,
411 2184 447 2240 et
458 2184 624 2239 mentem
640 2182 809 2265 stupere,
822 2167 888 2255 ait,
907 2166 973 2238 sed
986 2192 1073 2239 raro
1088 2167 1208 2239 videri
1218 2193 1305 2263 con·

302 2289 474 2359 suevisse.
492 2286 572 2357 Nisi
588 2285 821 2356 Mercurialis
853 2310 968 2371 meus,
986 2285 1042 2384 (4)
1066 2287 1213 2384 virique
1244 2288 1308 2358 alii

303 2420 408 2492 ante,
426 2418 462 2473 et
475 2417 561 2499 post
575 2404 700 2501 ipsum
720 2400 960 2475 eruditissimi
977 2428 1106 2476 veram
1120 2427 1199 2476 esse
1216 2387 1306 2504 apd-

302 2521 463 2623 plexiam
472 2520 717 2609 censuissent,
735 2544 848 2618 quam
867 2519 920 2591 ibi
930 2521 1059 2593 Celsus
1070 2522 1244 2592 morbum
1254 2536 1308 2592 at·

304 2644 459 2708 tonitam
475 2639 699 2723 nominarit,
716 2640 948 2734 (quanquam
963 2640 1154 2727 attonitos,
1170 2653 1214 2709 ut
1229 2644 1308 2711 Ru-

301 2747 395 2828 beus
410 2746 465 2854 (5)
477 2752 754 2841 animadvertit,
772 2754 947 2826 homines
961 2754 1075 2843 dixit,
1094 2780 1182 2843 non,
1198 2781 1307 2829 mor-

302 2871 418 2971 bum)
435 2898 546 2945 ausus
564 2870 717 2971 fortasse
739 2873 817 2968 jam
837 2869 984 2969 pridem
1008 2896 1127 2943 essem
1147 2872 1194 2945 de
1213 2899 1309 2949 voce

301 2990 366 3059 illa
384 2982 537 3075 dumeta}
560 2992 726 3089 integra,
746 3015 793 3060 an
818 2988 999 3061 mendosa
1023 2992 1095 3074 sit,
1118 2988 1306 3079 dubitare.

302 3108 498 3177 Interdum
515 3110 615 3177 enim
633 3113 718 3180 cum
734 3109 885 3180 ultimas
901 3110 941 3178 in
963 3092 1112 3180 Celsum
1128 3109 1308 3207 epistolas

306 3222 530 3311 scriberem,
559 3225 767 3321 suspicatus
785 3249 885 3313 sum,
907 3217 1091 3325 morbum
1103 3222 1219 3293 alium
1239 3224 1312 3337 ²¹³⁸,

408 3841 902 3916 Praelect.Patav.,l.1,e·.19.a
945 3872 961 3884 ··
1010 3874 1014 3883 ι
1051 3856 1063 3881 v
1122 3866 1126 3877 ·

408 3941 521 3995 Annot.
536 3939 568 3995 in
582 3939 631 3996 cit.
647 3939 724 3996 Celsi
735 3959 761 3996 c.
778 3938 826 3997 26.
934 3954 953 3981 ··
