2774 4666
317 422 384 519 178
486 446 532 492 ns
559 445 704 493 snnmos
730 447 774 491 rr
799 447 923 494 clusis
949 449 1158 507 montorium

312 583 512 659 processus
531 558 770 656 duplicatum
787 560 1063 658 interceptum,
1085 562 1202 636 limbo
1220 562 1311 635 infe-

311 679 404 749 riori
421 678 603 774 propius‚
630 691 667 746 et
690 676 897 760 secundum
922 677 1198 776 longitudinem
1215 682 1311 778 posi·

230 810 232 813 ’
310 810 417 883 tum,
445 809 520 865 tres
546 793 683 890 digitos
714 809 966 883 transversos,
997 818 1119 892 eoque
1156 798 1311 894 amplius

310 911 489 1010 longum,
504 909 790 1009 sesquidigitum
799 908 916 987 ferme
924 912 1061 1003 altum,
1075 913 1311 991 mediocriter
1336 906 1340 911 ’

311 1042 497 1116 crassum,
516 1027 631 1124 idque
652 1028 906 1124 inaequaliter3
933 1054 1018 1101 cum
1048 1031 1148 1100 enim
1169 1032 1211 1100 in
1235 1045 1309 1101 toto

307 1149 392 1244 ipso
410 1146 556 1218 ambitu
572 1161 668 1219 esset
681 1161 814 1233 tenue,
827 1147 905 1217 imo
918 1147 958 1217 in
968 1162 1131 1244 utroque
1146 1162 1308 1223 extremo

307 1265 349 1334 in
366 1264 526 1361 simplex
543 1263 737 1335 videretur
757 1278 913 1367 stratum
929 1289 975 1335 er
990 1263 1177 1361 parallelis
1199 1266 1307 1337 osseis

307 1381 415 1457 fibris
431 1382 606 1455 desinere
620 1406 630 1470 ;
648 1378 801 1453 dextera
814 1382 1039 1478 sinistraque
1049 1379 1159 1469 facie,
1174 1397 1213 1455 et
1224 1407 1308 1480 pm·

368 1501 436 1572 tim
452 1500 589 1586 altera,
606 1490 820 1598 in'grandcs
832 1500 939 1596 quasi
950 1497 1074 1573 bullas
1092 1499 1307 1597 protubera-

282 1524 454 1717 ὕλη
479 1617 615 1691 melius
641 1617 810 1713 conspici
833 1616 934 1714 apud
960 1642 1020 1688 me
1044 1632 1195 1715 potcst3
1223 1641 1304 1691 nam

304 1736 430 1808 adhuc
448 1760 579 1823 servo,
603 1735 836 1824 obductum,
858 1750 900 1809 ut
926 1749 1024 1821 erat,
1041 1733 1213 1832 undique
1233 1757 1306 1807 arc·

280 1860 284 1866 ’
304 1854 449 1927 tissime
465 1852 677 1927 adhaerente
697 1850 800 1927 falcis
818 1852 1049 1927 membrana.
1068 1853 1245 1950 Denique
1258 1875 1306 1925 ca·

303 1970 472 2045 rotidum
491 1996 571 2069 quae
599 1970 646 2043 ad
666 1970 787 2042 basim
818 1970 968 2045 cerebri
996 1985 1106 2059 sunt,
1125 1971 1306 2067 posterior

304 2112 432 2161 ramus
451 2087 584 2161 dexter
603 2113 711 2184 aequo
727 2103 807 2161 erat
823 2087 1005 2176 crassior3
1021 2086 1171 2161 sinister
1187 2102 1305 2185 perte·
1374 2174 1375 2183 ἵ

304 2207 411 2294 nnis,
428 2226 552 2302 neque
567 2230 654 2281 cum
666 2206 711 2277 iis
728 2206 841 2276 ramis
861 2205 1088 2300 conjunctus
1106 2204 1172 2301 qui
1186 2203 1236 2277 ab
1251 2228 1304 2274 ar·
1374 2210 1375 2225 ¹

304 2325 397 2394 teria
418 2339 506 2396 sunt
525 2326 563 2393 in
580 2349 693 2422 quam
705 2324 942 2397 conveniunt
954 2321 1193 2395 vertebrales.
1214 2324 1304 2413 Quo·

304 2466 391 2513 rum
404 2442 498 2513 illud
513 2444 582 2514 etsi
597 2443 637 2513 in
656 2442 736 2517 aliis
756 2441 954 2513 interdum.
970 2441 1064 2526 vidi,
1086 2455 1198 2538 atque
1218 2441 1303 2512 adeo
1373 2492 1374 2501 η

302 2562 343 2631 in
356 2561 475 2635 altero
486 2561 592 2657 quod
602 2576 693 2632 tunc
706 2558 1020 2647 consecabamus‚
1041 2558 1243 2661 hydropici
1254 2585 1303 2633 ce·
1373 2600 1374 2665 ᾗ

298 2677 438 2766 retro,
463 2678 685 2757 tenuitatem
706 2692 830 2753 autem
852 2676 951 2751 hanc
974 2691 1115 2751 tantam
1137 2678 1301 2764 alterius,

299 2812 363 2869 aut
375 2798 572 2893 utriusque
583 2794 705 2869 multo
719 2795 874 2892 saepius‚
890 2793 1033 2865 nullam
1043 2794 1209 2893 denique
1222 2819 1299 2866 cum

301 2916 415 2989 ramis
427 2913 473 2986 de
494 2913 633 3009 quibus
648 2896 792 2989 dictum
810 2926 884 3001 est,
904 2912 1214 3007 conjunctionem
1232 2912 1300 2983 for·
1372 3010 1373 3013 Ἴ

303 3048 398 3111 tasse
420 3020 723 3127 nonnunquam
743 3046 869 3105 tamen
888 3030 967 3103 haec
984 3055 1138 3128 quoque
1158 3030 1227 3105 tihi
1241 3055 1300 3100 vo·

303 3149 359 3225 lui
380 3148 609 3246 significare,
633 3163 674 3219 ut
696 3148 941 3246 intelligeres,
970 3149 1000 3221 si
1020 3147 1111 3245 quid
1130 3165 1299 3247 praeterea
1371 3242 1372 3257 χ

304 3267 547 3340 adnotatione
567 3267 692 3364 aliqua
709 3281 804 3343 esset
823 3265 981 3363 dignum
998 3320 1008 3347 ,
1025 3291 1086 3349 me.
1103 3291 1183 3347 non
1195 3264 1298 3338 *luisse
1371 3304 1372 3309 Ν

301 3385 651 3484 praetermissurum,

353 3527 409 3575 21.
424 3505 480 3573 De
493 3503 655 3593 caeteris,
674 3501 715 3571 in
722 3502 843 3598 iisque
852 3501 899 3573 dc
907 3500 1154 3599 pulmonibus
1166 3503 1295 3599 pleurae
1370 3574 1371 3591 χ

301 3619 472 3716 undique
492 3618 769 3697 adhaerentibus
784 3618 864 3690 sine
881 3619 1138 3716 respirationis
1150 3615 1297 3697 difficul·

301 3753 396 3825 tate,
411 3739 482 3809 erit
498 3736 587 3809 alibi
608 3735 662 3833 (ι)
681 3735 870 3809 scribendi
887 3736 1003 3809 locus.
1021 3734 1120 3809 Illud
1137 3737 1207 3811 tuli
1223 3758 1297 3834 pen·
1368 3720 1370 3729 ⁴

339 4018 383 4095 (r)
401 3998 498 4092 lipist.
515 4015 561 4071 16.

1286 4488 1289 4493 ⁴

1362 4506 1368 4645 l
