2780 4666
190 459 258 509 cm.
287 454 861 523 1:nuuonr1scir1r1s,ur1sr.
888 456 952 505 vu.
1004 431 1073 523 345
1116 440 1118 447 ’

77 576 204 646 omnia
229 599 310 672 quae
328 574 426 645 dicta
450 587 557 661 sunt,
583 571 805 660 attenderis3
829 570 904 641 huc
927 571 1076 658 redeaS,

77 716 231 764 necesse
249 705 323 773 est,
340 705 382 760 ut
398 689 475 761 aliae
492 690 581 761 alias
599 713 714 760 causae
732 712 811 760 esse
829 688 967 759 horum
984 688 1075 761 deli-

75 810 223 880 riorum
249 807 466 894 videantur,
498 830 623 903 eaeque
640 827 710 903 pro
735 805 837 877 varia
863 805 1076 902 sanguinis,

75 924 360 1020 humorumque
380 937 533 1011 natura,
560 937 624 993 aut
649 920 796 992 cerebri
813 919 942 994 affecta
959 937 1076 1018 parte,

75 1055 139 1112 aut
172 1039 284 1135 hujus
311 1065 332 1109 a
370 1039 611 1137 primordiis,
642 1038 832 1111 morbisve
866 1038 1077 1135 praegressis
1163 1098 1166 1103 ,

76 1158 372 1244 constitutione,
405 1172 469 1228 aut
496 1155 680 1251 ejusmodi
704 1155 808 1242 aliis,
841 1170 905 1226 aut
933 1153 1077 1225 divers’a

75 1266 193 1345 modo
213 1274 399 1371 plurium,
416 1271 532 1344 modo
550 1271 689 1343 horum
709 1271 876 1341 omnium
901 1272 1078 1366 conjunc·

73 1392 203 1478 tione,
218 1388 326 1459 aliter
342 1392 381 1459 in
396 1390 476 1461 aliis
490 1391 680 1488 ingentes,
697 1405 739 1461 ut
751 1390 839 1460 alias
849 1388 973 1477 hunc,
987 1389 1076 1461 alias

75 1507 193 1577 alium
213 1502 377 1577 efficiant
394 1506 580 1577 morbum.
601 1508 679 1577 Erit
699 1506 814 1603 igitur
830 1508 870 1575 in
884 1504 1078 1577 nonnullis

74 1622 245 1708 cerebri,
265 1622 304 1690 in
318 1620 719 1718 pluribusmeningum
737 1621 1000 1710 inflammatio,
1014 1635 1078 1711 aut

72 1754 176 1811 certe
203 1763 380 1809 vasorum
396 1738 460 1807 illa
475 1729 679 1824 distentio,
691 1738 756 1809 sed
784 1763 863 1809 uon
887 1753 1009 1826 tanta,
1034 1753 1090 1821 ut,

64 1857 193 1965 'magis
216 1855 463 1951 comprimat,
486 1878 600 1949 quam
625 1854 769 1925 irritet:
791 1856 831 1924 in
855 1854 935 1925 aliis
961 1851 1078 1926 effusa

72 1995 189 2068 aqua,
205 1967 270 2040 sed
286 1970 436 2039 irritans
452 1967 531 2038 haec
548 1993 724 2065 quoque,
744 1968 869 2067 probo
890 1970 990 2039 enim
1006 1975 1075 2040 Bo·

71 2102 207 2158 netum
223 2084 278 2181 (1)
298 2099 360 2155 aut
379 2109 660 2183 quemcumque
689 2086 806 2157 alium
826 2086 1077 2176 scribentem,

63 2226 209 2301 purum
230 2216 369 2298 putum
393 2225 514 2270 serum
524 2256 535 2288 ,
561 2206 778 2274 acrimonioe
803 2228 955 2301 erepere,
984 2203 1076 2274 deli-

73 2326 172 2390 rium
190 2323 357 2388 excitare
372 2341 448 2385 non
464 2316 615 2388 valere:
633 2319 673 2388 in
692 2319 822 2391 multis
837 2320 1020 2418 denique,
1036 2336 1079 2392 ut

74 2435 164 2505 alias
182 2435 352 2504 omittam
373 2456 520 2521 causas,
536 2448 696 2530 utraque
714 2436 825 2505 simul
845 2460 974 2507 earum
992 2462 1077 2533 quae

71 2549 191 2621 modo
210 2548 315 2621 dictae
333 2563 430 2620 sunt.
449 2551 534 2638 Quo
552 2564 724 2645 spectant
746 2566 783 2622 et
800 2550 1078 2625 observationes

73 2666 248 2764 quaedam
263 2668 302 2736 in
320 2666 566 2763 Sepulchreto
586 2665 640 2762 (2)
656 2665 842 2763 legendae,
859 2683 896 2738 et
912 2670 1079 2767 complu·

77 2808 140 2855 res
169 2807 284 2869 meae,
313 2806 475 2880 quarum
500 2781 589 2853 alias
618 2784 658 2853 in
689 2783 768 2854 aliis
802 2784 934 2857 litteris
959 2784 1007 2855 ad
1040 2802 1076 2858 te

70 2900 207 2997 scripsi
224 2898 296 2996 (3),
315 2915 379 2971 aut
396 2900 603 2997 scripturus
620 2924 730 2988 sum,
750 2901 921 2999 quinque
949 2916 1075 2973 autem
1156 2886 1161 2887 ἶ

70 3018 111 3087 iu
130 3015 192 3087 his
209 3018 391 3087 continuo
405 3015 611 3112 subjiciam.

119 3159 155 3229 9.
174 3136 293 3205 Senex
309 3158 451 3206 annum
467 3159 581 3232 agens
599 3136 889 3232 octogesimum,
904 3134 954 3207 ob
966 3139 1077 3226 varia,

69 3249 140 3322 sed
169 3250 286 3338 levia,
308 3251 532 3323 valetudinis
557 3251 798 3323 incommoda
829 3252 1012 3336 admissus
1037 3256 1075 3325 in

66 3368 311 3440 Bononiense
322 3371 357 3436 S.
370 3370 494 3439 Mariae
503 3368 549 3439 de
561 3373 682 3440 Morte
692 3372 971 3459 nosocomium,
988 3397 1076 3443 cum

66 3484 123 3554 ibi
138 3499 257 3573 esset,
275 3486 387 3582 pulsu
404 3483 523 3558 factus
544 3500 598 3556 est
621 3508 701 3557 nou
722 3486 838 3557 modo
863 3489 1075 3575 crebriore,

106 3780 153 3855 (ι)
177 3764 255 3836 Sect.
270 3781 325 3838 hac
340 3785 406 3853 7,l.
425 3780 502 3851 1,‘in
516 3778 615 3839 Sehol.
631 3784 669 3838 ad
680 3784 751 3839 Obs.
766 3804 812 3857 27·

108 3880 121 3955 (
143 3879 156 3955 )
178 3881 259 3935 Sect.
274 3880 338 3936 ead.
356 3881 429 3938 Obs.
445 3883 480 3940 16
494 3884 564 3940 etin
575 3882 677 3940 Addit.
695 3885 766 3940 Obs.
784 3904 809 3941 1.

106 3978 368 4054 (3)L.1,n.14·
508 3972 512 3979 ’
