2774 4670
221 446 244 487 ἲ
260 492 274 507 ·
345 487 421 535 nu
447 490 583 536 nonms
609 472 764 554 cirrus,
790 490 901 538 nrrsr.
929 493 962 537 x.
1028 466 1095 566 517

353 603 468 689 wien,
482 604 700 700 sanguinem
712 603 889 675 duntaxat
899 606 1097 694 morand0,

429 744 488 791 am
505 744 626 816 usque
643 718 859 809 retinendo,
881 746 962 792 eam
974 724 1099 822 nigre-

463 841 556 906 uam
567 836 614 906 de
632 836 757 907 rubris
771 839 811 907 in
830 853 914 909 cute
932 839 1099 930 maculis,

525 954 704 1024 aricardio
722 955 809 1025 satis
822 955 1029 1026 indicatum
1043 971 1100 1028 est

573 1071 619 1141 ad
638 1096 716 1142 non
734 1097 878 1159 serum,
905 1072 969 1143 sed
992 1072 1058 1168 'gel
1082 1113 1097 1128 ·

622 1178 817 1260 inventum
837 1204 914 1278 est;
937 1188 1016 1259 noli
1046 1191 1114 1287 sic*

658 1306 792 1396 ‘usses
805 1332 936 1378 eorum
950 1331 1097 1378 memor

601 1451 645 1495 ne
664 1423 851 1495 cellulosis
871 1424 1096 1519 tenuissimis

493 1566 535 1611 ,ts
549 1542 600 1610 ita
616 1565 741 1611 serum
757 1539 1094 1638 intercipientibus

388 1658 619 1751 ,terjectum,
633 1657 809 1751 gelatinoe
819 1657 980 1752 speciem
993 1680 1096 1727 men-

185 1891 349 1980 tuellus,
360 1908 480 1964 matre
497 1892 645 1988 genitus
655 1888 936 1987 valetudinaria,
949 1905 986 1960 et
1000 1887 1095 1987 qute,

72 2010 293 2113 praesertim
314 2033 400 2079 cum
434 2010 558 2107 ipsum
577 2023 686 2078 utero
713 2024 878 2104 gereret,
903 2007 1032 2095 variis,
1054 2001 1096 2080 ¹et

72 2127 322 2224 complicatis
336 2126 499 2197 obnoxia
515 2125 677 2210 morbis,
697 2125 885 2213 crebrius,
898 2140 940 2196 ut
952 2125 1023 2197 hos
1037 2151 1094 2198 se-

71 2248 210 2330 daret,
224 2243 401 2315 muliebri
412 2243 584 2331 consiliu,
603 2243 775 2339 generosi
785 2243 863 2313 vini
872 2242 1093 2340 potionibus

69 2388 154 2435 usa
172 2358 308 2448 fuerat3
326 2359 529 2431 aehoribus
541 2361 723 2457 primurn,
740 2359 829 2430 dein
844 2361 966 2433 scabie
982 2361 1091 2434 affec-

67 2497 164 2567 tuS,
185 2503 272 2549 cum
290 2476 446 2575 pustulae
468 2502 548 2548 non
572 2477 766 2548 maderent
789 2478 969 2574 amplius,
984 2479 1093 2550 febri·

66 2598 160 2668 bus
170 2611 364 2692 correptus
378 2608 442 2667 est.
457 2596 534 2683 His,
547 2620 633 2665 cum
643 2597 779 2666 iterum
792 2595 949 2692 pustulae
961 2597 1091 2667 ichore

66 2728 287 2800 scaterent,
305 2713 547 2801 abeuntibus,
563 2710 710 2812 gravius
721 2714 845 2783 saevire
863 2712 1005 2785 scabies
1023 2738 1089 2783 cae-

63 2832 163 2929 pit,
181 2828 377 2927 infansque
397 2853 616 2900 mucescere.
638 2830 811 2925 Denique
827 2822 954 2900 inultis
971 2831 1090 2900 inter-

61 2948 193 3043 jectis
212 2946 360 3034 diebuS,
379 2947 521 3017 siccatis
540 2970 670 3017 rursus
690 2945 865 3042 pustulis,
880 2945 952 3015 alvi
971 2945 1089 3038 fluxu,

67 3060 1091 3136 etconvulsivismotibuscrebroiutraoctiduumvexa·
1170 3126 1179 3141 .

66 3196 163 3267 tus,
191 3179 289 3249 circa
314 3180 451 3250 mensis
478 3180 600 3250 octavi
627 3177 765 3265 finem,
794 3202 879 3247 cum
908 3179 1098 3252 incisores⁴

67 3298 218 3369 dentes
248 3296 461 3394 superiores
487 3297 564 3392 jam
594 3311 717 3366 essent
750 3297 935 3392 erupturi,
963 3300 1088 3371 vivere

69 3415 208 3486 desiit.

130 3531 288 3602 Ventris
311 3555 398 3601 sana
422 3530 548 3601 omnia
576 3545 682 3601 eraut
708 3532 871 3617 viscera,
896 3530 1087 3627 ipsiusque

70 3649 235 3747 hepatis
255 3648 473 3745 magnitudo
501 3649 640 3718 caeteris
659 3648 908 3746 proportione
929 3654 1115 3745 respon-⁹,

137 3952 150 3988 1
190 3932 229 3986 N.
270 3971 276 3984 .

117 3931 168 4108 iai
190 3938 287 4103 Epiit.
301 4029 337 4101 6,
351 4049 382 4085 n.
398 4049 451 4103 η,
467 4031 517 4103 13,
532 4043 562 4087 et
573 4029 667 4105 Epist.
683 4048 718 4100 7,
734 4046 763 4082 n.
779 4043 825 4082 11.
