2798 4668
193 459 261 506 nm.
289 459 313 503 1.
342 456 874 523 annonarsoarrrrs,nr-1sr.
901 462 966 508 111.
1021 434 1090 509 585

76 596 170 645 sum
189 574 307 670 magis
326 585 576 669 augerentur,
593 569 758 646 effecisse
773 573 954 647 videatur.
969 575 1038 647 Sed
1056 590 1093 648 et

78 705 199 763 costae
218 690 369 761 latiores
392 713 538 775 omnes,
564 692 839 789 crassioresque
859 708 967 782 sunt3
985 692 1093 765 faciei

75 824 212 882 autem
230 810 424 906 praecipuae
440 823 623 906 quantum
643 808 689 880 de
703 808 941 907 longitudine
960 812 1092 909 demp-

71 944 166 999 tum
184 941 257 1015 est,
274 941 421 997 tantum
438 924 485 998 de
500 926 696 999 latitudine
708 942 763 999 est
782 926 963 999 additum.
977 931 1090 999 Nam-

76 1046 593 1147 quehydrocephalumcum
604 1049 807 1124 maximam.
815 1047 999 1120 ademerit
1010 1048 1091 1118 lon·

70 1163 264 1264 gitudinis
278 1178 422 1262 partem
444 1164 635 1261 geminum
659 1163 794 1239 frontis
816 1189 859 1236 os
877 1188 955 1236 non
973 1164 1088 1236 modo

75 1306 251 1355 crescere
266 1280 519 1379 prohibendo,
535 1280 602 1353 sed
618 1283 668 1354 ita
685 1284 723 1351 in
739 1281 897 1368 orbitas,
913 1283 1087 1379 interque

77 1424 147 1472 eas
164 1397 427 1497 deprimendo,
439 1412 482 1469 ut
492 1398 539 1469 de
554 1398 744 1471 nasalibus
756 1399 902 1471 ossibus
915 1399 1011 1470 nihil
1023 1424 1087 1497 ap·

78 1532 233 1615 pareat;
249 1513 378 1587 faeiem
394 1516 433 1586 in
445 1530 700 1588 transversum
710 1516 817 1589 valde
828 1515 1087 1614 amplificavit,

76 1631 200 1731 idque
221 1630 401 1729 singulari
419 1656 576 1730 prorsus
593 1632 719 1704 modo.
741 1631 968 1731 Sphenoidis
986 1634 1086 1703 enim

80 1751 179 1822 ossis
194 1774 411 1848 processum
429 1773 546 1849 quem
566 1751 688 1847 praecl.
713 1749 953 1822 Winslowius
977 1764 1087 1821 vocat

78 1866 350 1965 temporalem,
368 1868 534 1965 huicque
547 1891 730 1939 annexam
744 1892 981 1966 squamosam
998 1882 1088 1938 tem·

50 2037 61 2076 s
80 1984 224 2082 poralis
241 1985 332 2056 ossis
344 1985 559 2082 portionem
576 2000 740 2083 utroque
754 1988 793 2056 in
814 1984 929 2057 latere
944 1999 1085 2056 extror-

81 2127 169 2174 sum
183 2116 475 2200 antrorsumque
493 2104 663 2202 impulit,
682 2103 781 2175 hanc
800 2128 891 2174 vero
909 2103 1020 2175 simul
1036 2104 1086 2173 ita

81 2219 261 2292 deorsum
281 2235 323 2291 ut
343 2222 424 2316 ejus
446 2246 644 2318 processus
663 2222 934 2320 zygomaticus‚
951 2221 1018 2320 qui
1031 2245 1086 2292 se-

80 2337 251 2413 cundum
270 2337 508 2411 horizontem
529 2364 607 2411 esse
624 2339 798 2430 deberet,
825 2364 845 2410 a
870 2339 1086 2436 posteriori·

80 2455 157 2528 bus
178 2471 392 2528 antrorsum
416 2456 601 2528 ascendat.
625 2456 779 2527 Addidit
798 2456 874 2527 huc
900 2456 1084 2553 insignem

79 2572 406 2670 protuberantiam
420 2598 502 2670 quae
512 2571 644 2644 faciem
656 2574 836 2670 utrinque
849 2574 889 2643 in
900 2588 1084 2644 transver-

80 2714 167 2762 sum
186 2705 355 2788 augeret,
376 2690 562 2787 completa
585 2715 653 2788 per
672 2714 832 2762 crassam
851 2690 1084 2786 meningem,

81 2831 167 2881 ossa
182 2833 265 2906 quae
281 2807 443 2880 diximus
460 2809 594 2897 modo,
616 2833 703 2880 cum
720 2806 878 2879 totidem
895 2832 977 2905 quae
996 2831 1084 2877 mox
1187 2800 1195 2818 '

82 2924 252 3015 dicemus
260 2926 311 2997 ita
324 2926 565 3025 jungentem,
578 2942 620 2998 ut
635 2951 767 2998 cavum
779 2949 860 2997 non
872 2925 1083 3011 modicum,

84 3044 204 3114 cranii
230 3068 321 3115 cavo
348 3046 398 3115 sic
418 3043 615 3140 adjiciatur
633 3044 709 3139 jam
735 3043 821 3115 satis
843 3067 980 3141 magno
1001 3055 1083 3112 tum

84 3184 154 3257 per
168 3184 223 3250 se,
244 3175 325 3232 tum
343 3186 412 3258 per
426 3163 517 3235 ossis
537 3160 757 3248 ethmoidis,
775 3174 856 3230 tum
875 3159 995 3230 multo
1008 3181 1084 3229 ma-

83 3277 139 3374 gis
156 3302 224 3375 per
233 3278 452 3375 sphenoidis
464 3278 652 3350 insolitam
665 3276 945 3374 depressionem
956 3302 965 3364 3
977 3290 1020 3346 ut
1029 3276 1083 3345 ni·

83 3392 139 3465 hil
158 3394 326 3468 dicamus
345 3396 392 3467 de
410 3420 517 3468 osseo
536 3411 691 3468 externo
710 3392 920 3467 orbitarum
942 3393 1083 3490 pariete

81 3512 121 3580 in
132 3513 231 3608 ipsas
249 3513 457 3612 compulso
470 3518 489 3583 J
492 3538 551 3583 am
569 3538 659 3584 vero
673 3527 716 3583 ut
728 3512 874 3607 reliqua
886 3509 1082 3605 intelligas,

81 3630 133 3701 sic
147 3629 301 3720 habeto,
317 3632 486 3702 cranium
505 3630 551 3701 de
568 3655 646 3726 quo
665 3629 859 3728 loquimur
873 3651 918 3697 ex
932 3624 1082 3696 duobus
1187 3694 1189 3700 .

81 3744 284 3817 dimidiatis
295 3747 430 3819 craniis
441 3746 635 3835 coaluisse,
659 3768 824 3841 quorum
837 3743 1023 3840 posterius
1036 3766 1080 3811 eo

81 3859 129 3932 de
146 3888 223 3960 quo
238 3863 419 3935 haetenus
432 3863 611 3951 diximus,
634 3876 689 3933 est
707 3861 826 3931 multo
846 3859 975 3965 majus.
994 3861 1081 3928 Pos-

79 3991 137 4050 tea
163 3982 263 4051 enim
283 4006 395 4079 quam
417 3981 615 4056 anterioris
639 3979 752 4075 hujus
773 4002 815 4050 os
840 3974 1010 4073 occipitis
1032 3975 1080 4046 ab
