2782 4668
297 430 369 528 394
462 451 508 499 nr
533 447 679 498 sumnus
703 449 747 495 ur
771 446 896 495 crusis
920 447 1129 494 nonronoir

297 563 456 639 cerebro
473 587 552 635 non
564 560 742 650 viderim,
758 559 823 634 sed
834 581 906 633 nec
920 582 981 635 mc
994 561 1163 633 visurum
1173 585 1291 659 spera·

296 683 433 769 verim,
451 681 537 753 satis
553 684 570 749 Ι
585 677 748 752 ostendit
763 677 927 777 Epistola
945 677 1023 775 (1):
1051 703 1132 775 quo
1153 680 1293 776 gravius

296 797 376 872 fero
393 798 431 869 id
441 796 545 895 quod
558 795 795 894 Riolanon),
808 796 995 869 exciderat
1008 796 1171 868 relatum
1188 794 1293 868 fuisse
1378 806 1379 855 ἲ

297 919 337 988 in
358 915 643 1014 Sepulchretum
662 915 716 1012 (3)
737 914 928 999 videlicet,
945 920 1082 987 vernu's
1106 919 1176 1011 qui
1191 938 1296 1011 genc-

297 1049 405 1106 ratur
419 1040 457 1103 in
473 1035 641 1121 cerebro,
665 1048 703 1103 et
716 1038 881 1104 maniam
898 1031 1042 1103 inducit
1058 1057 1159 1130 equo
1173 1086 1184 1119 ‚
1207 1052 1296 1101 ano

288 1150 492 1250 putredine
508 1152 698 1223 humoris?
728 1155 793 1223 An
814 1152 864 1222 ab
889 1150 1077 1249 apophysi
1105 1144 1295 1221 cerebelli!

296 1270 530 1360 vermiforma'
545 1275 584 1339 r'n
598 1292 761 1340 vermem
774 1262 1130 1364 degenerantei'sed
1147 1290 1224 1337 nec
1236 1264 1297 1335 alia

296 1384 389 1472 vidi,
410 1396 509 1458 certe
532 1384 705 1482 digniora
724 1411 807 1483 quae
828 1384 1076 1484 Sepulchrcto
1100 1382 1295 1454 addantur.
1379 1442 1380 1471 p

297 1502 468 1601 Baglivus
485 1502 539 1600 (4)
558 1527 596 1576 se
618 1510 809 1576 maniacus
824 1504 919 1577 duos
936 1508 1094 1575 secuisse
1110 1497 1299 1599 Neapoli,
1379 1590 1380 1599 ἵ

296 1618 473 1709 affirmat,
489 1618 697 1717 duramque
713 1637 870 1693 matrem
879 1620 1061 1692 adinstar
1078 1616 1298 1689 tabuloedu·

297 1760 395 1826 ram,
411 1763 458 1809 ac
470 1762 572 1835 pene
588 1744 812 1810 exsiccatam
829 1738 1020 1809 detexisse.
1041 1737 1118 1808 Etsi
1145 1734 1204 1806 ibi
1225 1758 1297 1804 non

297 1852 496 1949 oportebat
508 1853 706 1925 Willisium
723 1878 879 1951 arguere
892 1854 950 1925 his
958 1851 1083 1925 verbis
1094 1848 1300 1924 {debuerat

296 1975 532 2066 inuestigare,
559 1986 596 2040 et
610 1976 828 2042 examinare
852 1977 890 2041 in
913 1970 1036 2043 stultis
1065 1968 1140 2040 illis
1163 1983 1296 2038 statum

296 2089 524 2181 meringum,
555 2111 644 2157 nam
669 2087 921 2179 differentiam
948 2091 1162 2173 inoenisset;
1198 2084 1299 2155 iniis

297 2201 398 2270 enim
417 2226 515 2298 quos
534 2227 603 2300 ego
625 2205 744 2293 secui,
760 2218 863 2276 certo
882 2203 980 2290 scio,
992 2227 1072 2275 non
1087 2201 1229 2290 fuisuc3
1241 2225 1300 2270 ne·

297 2346 372 2416 que
401 2326 502 2397 enim
519 2324 624 2422 quod
645 2325 808 2424 epistola
823 2329 840 2394 Ι
857 2322 913 2421 (5)
934 2321 1115 2419 descripsi
1139 2320 1184 2390 in
1212 2318 1299 2389 dura

295 2439 491 2538 meninge,
510 2442 604 2529 huc,
621 2444 775 2539 opinor,
789 2438 993 2546 pttinebat,
1011 2452 1049 2509 et
1063 2451 1170 2508 cerco
1186 2432 1300 2506 modi·
1380 2484 1381 2525 3

295 2578 416 2653 coque
435 2562 556 2657 spatio
573 2560 854 2648 continebatur3
869 2574 995 2631 tamen
1007 2570 1215 2652 utramque
1228 2577 1299 2624 me·
1380 2550 1381 2555 ’

293 2669 1300 2777 ningemposteaviriduoexperientissiminittriusffi),

294 2806 331 2863 et
346 2791 569 2893 Geoffroyus
584 2796 640 2893 (7)
657 2796 796 2894 singuli
816 2796 856 2865 in
875 2792 1031 2892 singulis
1048 2790 1233 2863 maniacis
1250 2788 1299 2857 al·

294 2923 353 2982 ter
371 2911 582 3003 duriorem,
598 2915 792 3012 magisque
818 2925 1072 3009 compactam,
1092 2907 1191 2979 alter
1211 2928 1301 2977 cras·

295 3029 432 3105 siorem
464 3042 500 3104 et
525 3030 732 3104 firmiorem
762 3034 961 3117 invenere,
989 3054 1038 3100 ne
1061 3027 1110 3098 de
1129 3023 1227 3097 falce
1249 3022 1297 3093 di·

709 4186 717 4223 i
