2782 4668
297 413 368 497 440
464 435 510 481 nr
537 434 680 482 sumnus
705 436 749 483 rr
774 434 896 484 csusrs
921 432 1136 496 moerorum*

299 546 571 645 hydrophobia
595 550 742 647 signum
761 565 930 647 ponunt,
953 574 1024 620 nec
1040 549 1175 620 eadem
1192 544 1299 617 facile

268 664 472 736 -videntur
506 666 658 739 credere
692 670 771 739 sine
805 667 943 739 rabiosi
970 667 1143 738 animalis
1166 689 1301 736 morsu.

176 794 179 799 '
250 842 253 847 .
298 806 408 879 posse
435 785 610 871 existere,
641 783 699 857 his
724 784 871 856 duabus
892 784 1057 856 historiis
1072 784 1121 854 ad
1136 798 1197 853 tot
1210 783 1297 852 alias

299 924 381 996 quae
412 899 520 987 alibi,
553 916 589 970 et
615 902 819 997 praesertim
841 901 941 998 apud
962 899 1219 972 Schenckium
1244 896 1295 995 (2)

299 1032 493 1114 prostant,
515 1017 726 1113 adjunctis,
750 1043 876 1089 veram
899 1020 1001 1089 illam
1025 1043 1131 1090 suam
1157 1017 1296 1115 hydro·

300 1134 481 1233 phobiam
508 1136 618 1206 etiam
642 1135 721 1208 sine
748 1138 972 1234 contagione
987 1136 1070 1207 fieri
1085 1159 1221 1234 posse,
1237 1160 1295 1233 ag·

299 1268 459 1324 noscant
478 1279 484 1319 :
505 1278 723 1351 quanquam
739 1270 782 1326 ut
804 1270 1072 1352 agnoscerent,
1105 1254 1196 1326 satis
1223 1276 1295 1324 esse

213 1414 221 1426 ·
301 1369 489 1442 debebant
506 1396 550 1440 ex
567 1372 731 1467 antiquis
747 1372 819 1443 illis
836 1395 886 1442 eae
902 1371 1081 1443 duntaxat
1106 1395 1205 1468 quas
1227 1394 1295 1439 me·

301 1490 426 1558 moriae
443 1488 611 1587 prodidit
626 1488 823 1560 Marcellus
836 1493 1006 1561 Donatus
1016 1489 1071 1586 (a)
1081 1517 1090 1558 :
1100 1490 1189 1586 quis
1198 1488 1294 1559 enim

301 1604 449 1694 credat,
475 1605 521 1677 de
550 1606 720 1702 quinque
750 1608 856 1705 aegris
878 1631 974 1704 quos
997 1630 1098 1678 unus
1119 1605 1295 1702 idemque

300 1722 470 1795 medicus
483 1724 580 1795 intra
599 1749 738 1822 paucos
755 1708 874 1796 annos
890 1724 983 1796 vidit
1001 1722 1218 1796 istiusmodi
1233 1721 1296 1817 hy·
1375 1812 1376 1825 ἵ

255 1930 258 1935 ¹
302 1838 514 1936 drophobia
531 1856 746 1938 correptos,
769 1842 960 1912 neminem
977 1839 1089 1911 fuisse
1111 1840 1182 1937 qui
1200 1862 1238 1910 se
1253 1836 1295 1907 ab
1375 1866 1376 1931 q

301 1955 434 2027 rabido
451 1958 602 2028 animali
615 1955 795 2029 infectum
805 1971 872 2029 aut
879 1957 1224 2043 animadvertisset,
1239 1968 1296 2026 aut
1375 2052 1376 2055 Ἴ

302 2074 550 2161 meminisset;
572 2075 637 2145 sed
659 2099 791 2147 omnes
806 2077 967 2172 pariter,
985 2089 1223 2174 cunctosque
1239 2097 1294 2145 eo·

301 2182 627 2262 rum'domesticos
644 2193 696 2263 sio
712 2190 824 2264 fuisse
839 2208 904 2263 aut
920 2191 1110 2289 stupidos,
1128 2206 1197 2262 ant
1212 2190 1297 2261 obli·

196 2286 198 2295 ¹
304 2307 448 2394 viosos,
473 2323 515 2379 ut
540 2333 587 2378 ne
615 2309 771 2379 minima
795 2309 950 2406 quidem
983 2323 1189 2380 contractae
1213 2307 1299 2378 labis

303 2425 465 2522 suspicio
481 2425 520 2495 in
536 2450 668 2496 eorum
690 2426 825 2498 animis
837 2442 1047 2498 remaneret
1066 2427 1082 2495 i
1096 2431 1244 2495 Verum
1257 2422 1297 2494 ad
1375 2512 1376 2539 1

303 2541 446 2638 reliqua
463 2532 640 2640 susceptae
655 2543 944 2639 comparationis
959 2540 1293 2639 capitaredeamus.
1375 2548 1376 2635 J

302 2662 469 2730 Fuerunt
482 2660 521 2729 in
537 2658 675 2758 quibus
689 2683 830 2747 crassa,
862 2675 899 2729 et
920 2659 960 2729 in
977 2656 1117 2756 quibus
1140 2673 1295 2756 utraque
1375 2636 1376 2711 i

304 2777 458 2850 meninx
476 2778 613 2874 magis,
635 2777 804 2847 minusve
826 2773 1073 2864 inflammata,
1091 2791 1129 2847 et
1144 2775 1296 2874 turgidis
1375 2788 1376 2873 J

303 2896 413 2991 nigro
430 2894 610 2992 sanguin'e
632 2895 727 2965 vasis
749 2907 897 2991 reperta
914 2908 989 2982 est,
1003 2917 1073 2965 nec
1090 2893 1172 2964 sine
1189 2918 1296 2992 parra

303 3010 464 3109 quadam
482 3012 617 3082 inuno
636 3011 683 3082 ad
705 3011 883 3087 verticem
907 3011 1204 3108 suppuratione3
1228 3013 1294 3080 imo

302 3129 342 3197 in
358 3153 448 3199 cane
465 3126 598 3199 rabido
609 3152 687 3198 non
705 3127 784 3199 sine
803 3126 1003 3199 ulceribus.
1021 3126 1233 3199 Cerehrum
1248 3129 1293 3224 ip·

305 3270 388 3317 sum
414 3240 618 3343 aliquando
644 3242 936 3332 inflammatum,
960 3258 1026 3315 aut
1052 3245 1134 3339 ejus
1153 3261 1293 3330 cortex,

306 3361 371 3432 sed
395 3361 457 3430 hic
470 3361 637 3449 ieviter,
668 3375 705 3432 et
728 3361 846 3457 magis
868 3357 1015 3449 fuscus,
1035 3374 1100 3431 aut
1121 3360 1206 3455 ejus
1228 3369 1292 3429 me-

305 3476 406 3548 dulla
435 3479 647 3577 sanguineis
672 3478 821 3574 punctis
849 3500 1050 3574 conspersa
1073 3475 1293 3548 :ventriculi

304 3610 429 3667 autem
448 3597 488 3667 in
509 3556 699 3699 uno'iaut
717 3595 834 3668 altero
850 3595 1005 3677 minime
1021 3592 1170 3667 humidi
1191 3618 1291 3692 appa·

342 3854 388 3956 (ri
408 3879 479 3936 Obs.
492 3879 573 3937 Med.
585 3880 605 3933 l.
621 3899 637 3951 7
651 3879 751 3935 ubido
762 3881 873 3934 Veneri.
888 3895 924 3931 ex
937 3879 1091 3952 Quadrup.
1104 3877 1175 3933 ons.
1192 3895 1234 3947 17.

339 3978 385 4055 (a)
404 3982 449 4036 De
461 3978 541 4035 Med.
555 3979 630 4035 Hist.
642 3978 776 4040 Mirabili
789 3981 809 4034 l.
824 3977 859 4052 6,
874 3996 899 4033 c.
915 3978 940 4032 r'.
