2784 4668
80 455 85 465 '
184 445 254 494 m.
281 445 306 491 1.
334 442 381 493 DE
401 440 542 503 NORBIS
566 443 726 510 cartus,
750 447 860 496 EPIST·
887 450 928 497 11.
991 450 1060 527 109
1088 499 1093 527 ⁴
1134 458 1143 477 ⁸

74 557 169 655 cystis
184 556 348 631 calculos
364 558 404 628 in
422 571 611 654 utroque,
638 556 790 632 alterius
808 559 1058 641 lateralesce-

76 674 162 746 rebri
174 658 406 764 uentriculos
420 694 529 766 sero,
547 673 724 764 alterius,
747 678 814 774 qui
827 677 900 752 huc
914 682 1059 778 potissi.

73 817 161 866 mum
186 795 339 882 attinet,
367 818 503 867 cruore
534 791 666 867 effuso.
685 810 866 870 scatentes
891 802 1057 874 animad·
1110 832 1122 838 ··

74 925 170 983 verte.
180 905 386 982 cardinalis
394 907 629 1006 apoplexiam
639 915 939 1007 praenunciarent
948 919 1060 1014 plura

76 1049 113 1099 ex
126 1027 235 1124 signis
258 1025 333 1097 illis
359 1023 627 1096 communibus
647 1051 729 1122 quae
754 1028 904 1127 collegit
928 1034 1058 1113 Caelius
1101 1112 1104 1117 ,

75 1141 277 1235 Aurelianus
287 1139 343 1239 (ι)
361 1139 453 1211 olim
467 1139 622 1236 quidem
633 1143 842 1217 convulsivi
856 1171 1057 1242 manuum,

76 1253 182 1346 bciei,
196 1273 234 1330 et
252 1255 418 1347 faucium
438 1256 624 1345 etiam,ut
641 1283 710 1358 ego
727 1261 885 1358 opinor,
904 1280 1057 1339 motus:

75 1375 224 1471 proxime
245 1388 372 1445 autem
388 1373 525 1444 iteratae
543 1375 766 1472 vertigines,
779 1386 870 1475 quas
884 1382 1058 1477 proclivi-

76 1503 120 1562 tas
137 1491 178 1562 ad
196 1515 390 1580 somnum,
413 1491 605 1579 moestitia,
618 1492 906 1593 ·vcbemensque
927 1500 1058 1597 capitis

77 1605 167 1682 dolor
185 1602 545 1707 consequebantur:
566 1633 649 1706 quae
673 1610 724 1704 ita
741 1610 945 1687 instantem
959 1614 1058 1691 indi·

77 1740 204 1820 cerunt,
219 1706 263 1798 ut
282 1726 493 1799 novissimae
511 1726 711 1825 vertigines
723 1751 794 1826 pro
810 1729 951 1807 leviore
963 1746 1065 1830 quo-'

76 1837 393 1943 damapoplectico
408 1866 634 1942 paroxysmo
645 1843 906 1941 quadantenus
924 1848 1057 1923 haberi

77 1960 218 2054 possint,
245 1963 392 2062 quippe
413 1986 528 2060 quem
550 1961 699 2060 gravior
713 1963 896 2065 postridie
912 1968 1062 2065 excepit·

77 2073 184 2149 eadem
196 2077 306 2170 bora.
325 2079 548 2178 Asanguine
560 2078 663 2152 hunc
676 2102 776 2170 esse,
796 2095 942 2179 poterat
957 2082 1063 2156 illius

77 2196 166 2293 copia
187 2195 415 2298 significare,
435 2196 650 2273 rubicundo
675 2197 802 2273 colore
830 2214 996 2290 ostensa,
1020 2217 1057 2274 et

77 2312 246 2410 melaetio
275 2317 398 2389 ventis
426 2315 651 2399 australibus
678 2316 853 2406 inducta,
880 2319 976 2390 vasis
1004 2318 1053 2391 ab

77 2441 159 2502 atate
177 2434 254 2532 ipsa
270 2435 350 2532 jam
365 2432 654 2532 rigescentibus,
670 2457 760 2507 mox
776 2459 797 2505 a
813 2433 947 2508 bruma
969 2460 1062 2508 arc-·

76 2547 158 2636 tatis,
181 2565 216 2622 ct
233 2552 284 2624 oh
305 2567 503 2648 utramque
530 2548 628 2636 hanc
649 2570 802 2622 eausam
824 2548 1061 2650 disruptiont
1136 2634 1141 2645 ⁵

77 2655 165 2737 facilc
177 2666 359 2740 obnoxiis.
383 2669 460 2738 Nec
479 2681 607 2737 tamen
630 2660 736 2736 fortis
757 2666 886 2756 initio,
905 2681 942 2737 et
960 2692 1050 2766 pro-

75 2798 177 2873 gressu
200 2781 268 2857 fuit
296 2783 516 2885 apoplexia,
542 2795 587 2852 ut
610 2782 810 2878 respiratio
834 2807 1051 2857 commons-

76 2899 179 2990 travit,
205 2916 241 2974 et
270 2899 462 2977 sentiendi
480 2896 737 2994 movendique
764 2894 920 2977 facultas
940 2926 989 2972 ne
1008 2903 1050 2980 in

78 3011 201 3089 sinistro
211 3017 366 3116 quidem
379 3016 551 3115 corporis
569 3014 691 3124 latere.
702 3015 859 3086 omnino
878 3014 1047 3107 sublata,

78 3142 105 3199 et
118 3136 238 3227 semel,
258 3138 420 3225 iterum,
445 3133 576 3232 saepius
595 3154 682 3211 cum
700 3131 860 3216 internis
878 3133 1049 3215 sensibus

77 3250 220 3324 restituta⁹
239 3252 409 3352 loquela,
428 3251 551 3324 donec
574 3247 800 3322 laceratione
820 3249 869 3320 *in
889 3251 1046 3327 cerebro

78 3381 184 3459 aucta,
210 3385 247 3442 et
272 3370 454 3468 sauguine
480 3366 597 3464 magis
622 3361 763 3454 effuso,
787 3362 1048 3468 lethalis'apo-

77 3478 173 3574 plexia
189 3484 281 3573 facta
296 3480 362 3560 est.
384 3488 461 3558 Nec
486 3479 647 3583 profuit,
666 3483 836 3580 quamvis
851 3486 1047 3573 ,statimab

26 3618 30 3629 ·
77 3592 142 3693 ipso
152 3603 254 3677 initio
268 3628 307 3679 se
324 3601 507 3703 prodens,
525 3600 655 3700 pulsus
669 3597 832 3689 febrilis,
843 3616 880 3674 et
892 3600 1048 3678 fortasse

79 3707 187 3811 febris,
199 3746 310 3821 quarn
323 3734 615 3819 symptomatum
627 3716 758 3790 eadem
771 3717 866 3790 hora
876 3743 1049 3797 nonnun-

84 3836 1048 3913 -·-...........................,.C...........

110 3935 146 4017 (t)
163 3904 242 4005 ¹lcut.
258 3909 357 4005 Morb.
370 3947 391 4003 l.
406 3946 440 4031 3,
452 3927 521 4054 cpi.
