2774 4666
193 475 262 520 mr.
289 475 314 519 1.
342 475 388 519 ns
414 474 869 538 monriscsrrrls,er1sr.
896 477 945 523 1v.
1003 456 1073 528 235

62 587 118 659 ric
135 586 374 685 apoplexiam
391 587 492 658 oriri.
511 586 633 658 Habes
641 589 870 683 Nymmanni
887 588 1023 686 dogma
1035 592 1075 663 in

63 703 589 801 Sepulchreto(1)secundum
600 704 701 802 leges
710 707 1076 779 circinnitionissan·

64 822 194 918 guinis
204 822 260 893 ita
269 823 545 909 instauratum,
562 837 604 894 ut
619 825 882 895 concretiones
898 824 969 894 illae
996 851 1076 897 non

63 939 166 1009 eirca
182 939 371 1027 torcular,
398 939 464 1011 sed
477 940 526 1010 ad
549 941 698 1012 initium
716 941 948 1012 internarum
964 942 1076 1039 jugu-

63 1056 204 1128 larium
217 1080 400 1128 venarum
418 1072 648 1145 statuantur,
670 1060 842 1157 sanguini
861 1059 1074 1149 obstantes,

62 1198 144 1245 non
163 1175 206 1244 in
223 1174 421 1247 cerebrum
437 1178 559 1264 ituro,
585 1177 650 1249 sed
669 1202 689 1248 a
708 1177 867 1249 cerebro
881 1176 1074 1248 redituro:

63 1292 181 1390 idque
194 1294 497 1389 frequentissime
521 1301 559 1364 in
573 1294 816 1397 apopleeticis
840 1300 1073 1390 contingere,

64 1410 310 1482 existimetur.
329 1411 428 1482 lssud
443 1436 597 1509 quoque
613 1412 782 1484 additum
801 1410 941 1483 ibidem
958 1411 1074 1508 leges,

64 1530 92 1598 si
105 1526 386 1623 ejusdemmodi
401 1532 663 1602 concretiones
671 1511 696 1602 e
707 1528 822 1602 corde
836 1554 905 1627 per
921 1529 1074 1603 arterias

63 1645 278 1742 producte,
294 1647 570 1744 abrumpamur
586 1645 681 1718 forte
697 1672 716 1718 a
740 1648 921 1744 sangnine
939 1670 1071 1743 quam·

64 1787 231 1861 cumque
247 1763 298 1834 ob
323 1778 472 1835 causam
498 1763 760 1839 vehementius
786 1777 1003 1850 commoto,
1026 1761 1074 1834 ab

64 1881 311 1976 ejusdemque
326 1884 468 1977 impetu
485 1905 632 1951 sursum
644 1881 866 1970 trudantur3
882 1880 929 1967 ad
941 1904 1077 1978 angus·

65 2001 179 2070 tiores
194 2013 337 2095 partes,
354 1997 535 2094 sedesque
561 1999 715 2068 minime
742 1997 918 2069 cedentes
935 2000 1072 2069 caroti-

66 2116 155 2185 dnm
178 2131 219 2186 et
240 2114 506 2185 vertebralium
523 2116 746 2186 arteriarum
772 2140 851 2187 esse
875 2131 1073 2213 perventu·

65 2256 122 2303 ras
132 2287 142 2321 ,
152 2234 282 2329 sieque
299 2256 451 2302 omnem
466 2232 514 2302 ad
531 2231 728 2303 cerebrum
744 2232 886 2303 aditum
898 2235 1072 2330 sanguini

66 2349 332 2422 obstructuras.
348 2352 431 2421 Imo
442 2358 517 2421 ¹nec
526 2349 588 2419 illa
598 2351 736 2421 omissa
745 2351 913 2421 invenies
923 2349 979 2447 (a)
989 2376 1071 2447 quae

66 2471 301 2539 Fracassatus
316 2482 509 2564 comperta
535 2483 808 2540 memoraverat
831 2448 870 2539 in
886 2467 1071 2556 dissectis,

63 2584 221 2679 jubente
251 2606 389 2681 magno
415 2586 571 2655 Etriniee
596 2589 718 2671 Duce,
748 2584 1069 2682 apopleeticorum

66 2700 329 2797 cadaveribus,
344 2703 537 2798 sanguinis
550 2700 727 2772 videlicet
746 2702 1007 2773 concretiones
1030 2705 1068 2771 in

65 2817 285 2917 sanguiferis
299 2819 524 2916 pulmonum
541 2819 655 2904 vasis,
672 2832 709 2888 et
737 2817 861 2888 cordis
881 2819 1070 2889 ventricu-

64 2935 116 3009 lis.
124 2936 199 3007 Sed
207 2939 238 3008 si
247 2960 377 3007 verum
394 2935 499 3033 loqui
513 2933 1069 3029 volumns3ibi(3)Fracassatus
1128 2964 1131 2967 “

64 3056 140 3151 ipse
147 3051 342 3140 fassnsest,
358 3077 434 3123 non
452 3052 695 3151 apoplexiam
712 3066 848 3138 tamen,
866 3049 935 3121 sed
940 3076 1069 3145 synco-

59 3196 133 3268 pen
149 3170 250 3241 hane
265 3173 502 3262 effictionem
515 3168 944 3271 nuncupandomfitisse
954 3170 1067 3259 Quod
1169 3193 1173 3201 ’

63 3312 152 3359 vero
170 3287 218 3358 ad
233 3287 310 3361 duo
328 3288 389 3358 illa
409 3289 541 3359 attinet
556 3301 850 3358 commemorata
873 3286 1067 3385 dogmata,

64 3408 233 3504 quamvis
252 3407 453 3505 polyposas
463 3408 724 3477 concretiones
734 3405 774 3475 in
789 3406 1066 3485 viventiumva·

63 3526 111 3597 sis
120 3522 226 3596 facile
236 3526 392 3596 existere
403 3578 413 3612 ,
426 3520 719 3613 concederetur,
733 3540 947 3595 nontamen
960 3523 1065 3598 facile

99 3805 146 3883 (1)
165 3809 197 3863 L.
219 3827 291 3877 1,s.
309 3809 537 3877 a,0bs,1cum
550 3807 649 3866 Schoi.

100 3905 146 3981 (a)
166 3910 201 3962 In
212 3907 363 3963 Additam.
382 3908 420 3963 ad
439 3920 509 3965 sect.
527 3910 577 3966 cit.
594 3911 659 3966 obs.
677 3928 702 3966 1.

99 4005 146 4081 (3)
165 4008 279 4063 Dissert
295 4007 332 4063 de
345 4008 483 4064 Cerehro.
535 4008 539 4021 ’
587 4034 593 4043 s
