<?xml version="1.0" encoding="UTF-8"?>
<!DOCTYPE html PUBLIC "-//W3C//DTD XHTML 1.0 Transitional//EN"
    "http://www.w3.org/TR/xhtml1/DTD/xhtml1-transitional.dtd">
<html xmlns="http://www.w3.org/1999/xhtml" xml:lang="en" lang="en">
 <head>
  <title>
</title>
<meta http-equiv="Content-Type" content="text/html;charset=utf-8" />
  <meta name='ocr-system' content='tesseract 3.04.00' />
  <meta name='ocr-capabilities' content='ocr_page ocr_carea ocr_par ocr_line ocrx_word'/>
</head>
<body>
  <div class='ocr_page' id='page_1' title='image "./desedibusetcaus06adelgoog_0402.png"; bbox 0 0 2782 4668; ppageno 0'>
   <div class='ocr_carea' id='block_1_1' title="bbox 1053 251 1062 278">
    <p class='ocr_par' dir='ltr' id='par_1_1' title="bbox 1053 251 1062 278">
     <span class='ocr_line' id='line_1_1' title="bbox 1053 251 1062 278; baseline 0 0"><span class='ocrx_word' id='word_1_1' title='bbox 1053 251 1062 278; x_wconf 69' lang='grc' dir='ltr'><strong><em>θ</em></strong></span> 
     </span>
    </p>
   </div>
   <div class='ocr_carea' id='block_1_2' title="bbox 213 462 1174 560">
    <p class='ocr_par' dir='ltr' id='par_1_2' title="bbox 213 462 1174 560">
     <span class='ocr_line' id='line_1_2' title="bbox 213 462 1174 560; baseline 0.006 -32"><span class='ocrx_word' id='word_1_2' title='bbox 213 476 281 528; x_wconf 78' lang='lat' dir='ltr'>nir.</span> <span class='ocrx_word' id='word_1_3' title='bbox 310 484 334 527; x_wconf 93' lang='lat'>1.</span> <span class='ocrx_word' id='word_1_4' title='bbox 363 482 998 547; x_wconf 75' lang='lat' dir='ltr'>nnnoneiscariris‚m1sr.vni.</span> <span class='ocrx_word' id='word_1_5' title='bbox 1051 462 1123 560; x_wconf 84' lang='lat'>389</span> <span class='ocrx_word' id='word_1_6' title='bbox 1173 517 1174 521; x_wconf 17' lang='grc' dir='ltr'>η</span> 
     </span>
    </p>
   </div>
   <div class='ocr_carea' id='block_1_3' title="bbox 113 593 1128 1863">
    <p class='ocr_par' dir='ltr' id='par_1_3' title="bbox 113 593 1128 1863">
     <span class='ocr_line' id='line_1_3' title="bbox 113 593 1122 695; baseline 0.008 -31"><span class='ocrx_word' id='word_1_7' title='bbox 113 593 272 684; x_wconf 88' lang='lat' dir='ltr'>crebro,</span> <span class='ocrx_word' id='word_1_8' title='bbox 291 619 416 692; x_wconf 89' lang='lat' dir='ltr'>neque</span> <span class='ocrx_word' id='word_1_9' title='bbox 434 594 595 692; x_wconf 88' lang='lat' dir='ltr'>amplius</span> <span class='ocrx_word' id='word_1_10' title='bbox 607 597 952 686; x_wconf 87' lang='lat' dir='ltr'>cumtorminibus,</span> <span class='ocrx_word' id='word_1_11' title='bbox 973 598 1122 695; x_wconf 84' lang='lat' dir='ltr'>dejicie-</span> 
     </span>
     <span class='ocr_line' id='line_1_4' title="bbox 113 710 1122 810; baseline 0.005 -29"><span class='ocrx_word' id='word_1_12' title='bbox 113 710 278 799; x_wconf 82' lang='lat' dir='ltr'>bantur,</span> <span class='ocrx_word' id='word_1_13' title='bbox 297 736 379 807; x_wconf 85' lang='lat' dir='ltr'>quae</span> <span class='ocrx_word' id='word_1_14' title='bbox 403 735 472 810; x_wconf 86' lang='lat' dir='ltr'>nee</span> <span class='ocrx_word' id='word_1_15' title='bbox 493 711 623 784; x_wconf 88' lang='lat' dir='ltr'>obesse</span> <span class='ocrx_word' id='word_1_16' title='bbox 641 713 815 788; x_wconf 79' lang='lat' dir='ltr'><strong>videbam</strong></span> <span class='ocrx_word' id='word_1_17' title='bbox 839 729 875 785; x_wconf 92' lang='lat' dir='ltr'>et</span> <span class='ocrx_word' id='word_1_18' title='bbox 895 715 1122 805; x_wconf 90' lang='lat' dir='ltr'>secundum,</span> 
     </span>
     <span class='ocr_line' id='line_1_5' title="bbox 114 826 1124 927; baseline 0.009 -33"><span class='ocrx_word' id='word_1_19' title='bbox 114 826 227 899; x_wconf 92' lang='lat' dir='ltr'>illum</span> <span class='ocrx_word' id='word_1_20' title='bbox 243 829 366 924; x_wconf 92' lang='lat' dir='ltr'>ipsum</span> <span class='ocrx_word' id='word_1_21' title='bbox 381 854 494 926; x_wconf 90' lang='lat' dir='ltr'>quem</span> <span class='ocrx_word' id='word_1_22' title='bbox 506 831 835 926; x_wconf 79' lang='lat' dir='ltr'>supramemoravi</span> <span class='ocrx_word' id='word_1_23' title='bbox 846 885 855 918; x_wconf 96' lang='lat'>,</span> <span class='ocrx_word' id='word_1_24' title='bbox 866 830 1124 927; x_wconf 83' lang='lat' dir='ltr'>aphorismum</span> 
     </span>
     <span class='ocr_line' id='line_1_6' title="bbox 115 932 1124 1044; baseline 0.009 -32"><span class='ocrx_word' id='word_1_25' title='bbox 115 941 319 1040; x_wconf 84' lang='lat' dir='ltr'>profutura</span> <span class='ocrx_word' id='word_1_26' title='bbox 343 932 550 1042; x_wconf 70' lang='lat' dir='ltr'>sperabam,</span> <span class='ocrx_word' id='word_1_27' title='bbox 589 948 718 1043; x_wconf 68' lang='lat' dir='ltr'>Igiturv</span> <span class='ocrx_word' id='word_1_28' title='bbox 735 972 804 1044; x_wconf 93' lang='lat' dir='ltr'>pro</span> <span class='ocrx_word' id='word_1_29' title='bbox 828 971 931 1017; x_wconf 86' lang='lat' dir='ltr'>venae</span> <span class='ocrx_word' id='word_1_30' title='bbox 961 950 1124 1021; x_wconf 84' lang='lat' dir='ltr'><strong>sectione</strong></span> 
     </span>
     <span class='ocr_line' id='line_1_7' title="bbox 115 1060 1124 1150; baseline 0.009 -21"><span class='ocrx_word' id='word_1_31' title='bbox 115 1060 397 1149; x_wconf 86' lang='lat' dir='ltr'>cucurbitulas,</span> <span class='ocrx_word' id='word_1_32' title='bbox 417 1062 496 1133; x_wconf 88' lang='lat' dir='ltr'>sine</span> <span class='ocrx_word' id='word_1_33' title='bbox 509 1060 631 1150; x_wconf 76' lang='lat' dir='ltr'>ferro,</span> <span class='ocrx_word' id='word_1_34' title='bbox 643 1064 689 1132; x_wconf 79' lang='lat' dir='ltr'>in</span> <span class='ocrx_word' id='word_1_35' title='bbox 706 1063 862 1135; x_wconf 88' lang='lat' dir='ltr'>artubus</span> <span class='ocrx_word' id='word_1_36' title='bbox 883 1061 1124 1138; x_wconf 88' lang='lat' dir='ltr'>inferioribus</span> 
     </span>
     <span class='ocr_line' id='line_1_8' title="bbox 115 1175 1123 1278; baseline 0.009 -32"><span class='ocrx_word' id='word_1_37' title='bbox 115 1175 255 1273; x_wconf 81' lang='lat' dir='ltr'>defigi,</span> <span class='ocrx_word' id='word_1_38' title='bbox 271 1179 454 1276; x_wconf 82' lang='lat' dir='ltr'>avellique</span> <span class='ocrx_word' id='word_1_39' title='bbox 471 1181 586 1277; x_wconf 85' lang='lat' dir='ltr'>jussi,</span> <span class='ocrx_word' id='word_1_40' title='bbox 616 1195 655 1251; x_wconf 90' lang='lat' dir='ltr'>et</span> <span class='ocrx_word' id='word_1_41' title='bbox 678 1180 810 1253; x_wconf 88' lang='lat' dir='ltr'>deraso</span> <span class='ocrx_word' id='word_1_42' title='bbox 835 1183 947 1278; x_wconf 88' lang='lat' dir='ltr'>capiti</span> <span class='ocrx_word' id='word_1_43' title='bbox 966 1206 1049 1278; x_wconf 86' lang='lat' dir='ltr'>quae</span> <span class='ocrx_word' id='word_1_44' title='bbox 1066 1207 1123 1255; x_wconf 89' lang='lat' dir='ltr'>se-</span> 
     </span>
     <span class='ocr_line' id='line_1_9' title="bbox 115 1292 1124 1396; baseline 0.005 -32"><span class='ocrx_word' id='word_1_45' title='bbox 115 1292 229 1383; x_wconf 89' lang='lat' dir='ltr'>dare,</span> <span class='ocrx_word' id='word_1_46' title='bbox 243 1319 495 1393; x_wconf 82' lang='lat' dir='ltr'>somnumque</span> <span class='ocrx_word' id='word_1_47' title='bbox 512 1299 728 1394; x_wconf 86' lang='lat' dir='ltr'>promoveri</span> <span class='ocrx_word' id='word_1_48' title='bbox 746 1298 945 1386; x_wconf 84' lang='lat' dir='ltr'>dicuntur,</span> <span class='ocrx_word' id='word_1_49' title='bbox 958 1296 1124 1396; x_wconf 87' lang='lat' dir='ltr'>imponi,</span> 
     </span>
     <span class='ocr_line' id='line_1_10' title="bbox 118 1410 1126 1511; baseline 0.005 -31"><span class='ocrx_word' id='word_1_50' title='bbox 118 1425 159 1480; x_wconf 89' lang='lat' dir='ltr'>et</span> <span class='ocrx_word' id='word_1_51' title='bbox 175 1437 257 1507; x_wconf 85' lang='lat' dir='ltr'>quae</span> <span class='ocrx_word' id='word_1_52' title='bbox 275 1410 375 1484; x_wconf 91' lang='lat' dir='ltr'>idem</span> <span class='ocrx_word' id='word_1_53' title='bbox 395 1412 553 1503; x_wconf 85' lang='lat' dir='ltr'>faciunt,</span> <span class='ocrx_word' id='word_1_54' title='bbox 571 1415 762 1487; x_wconf 89' lang='lat' dir='ltr'>interdum</span> <span class='ocrx_word' id='word_1_55' title='bbox 778 1414 846 1486; x_wconf 92' lang='lat' dir='ltr'>sub</span> <span class='ocrx_word' id='word_1_56' title='bbox 862 1421 1012 1486; x_wconf 89' lang='lat' dir='ltr'>noctem</span> <span class='ocrx_word' id='word_1_57' title='bbox 1022 1415 1126 1511; x_wconf 80' lang='lat' dir='ltr'>dari,</span> 
     </span>
     <span class='ocr_line' id='line_1_11' title="bbox 117 1519 1127 1627; baseline 0.006 -31"><span class='ocrx_word' id='word_1_58' title='bbox 117 1527 223 1598; x_wconf 87' lang='lat' dir='ltr'>intra</span> <span class='ocrx_word' id='word_1_59' title='bbox 236 1553 322 1599; x_wconf 91' lang='lat' dir='ltr'>eum</span> <span class='ocrx_word' id='word_1_60' title='bbox 338 1519 464 1600; x_wconf 89' lang='lat' dir='ltr'>tamen</span> <span class='ocrx_word' id='word_1_61' title='bbox 478 1530 650 1620; x_wconf 91' lang='lat' dir='ltr'>modum,</span> <span class='ocrx_word' id='word_1_62' title='bbox 669 1547 712 1603; x_wconf 92' lang='lat' dir='ltr'>ut</span> <span class='ocrx_word' id='word_1_63' title='bbox 726 1547 763 1604; x_wconf 90' lang='lat' dir='ltr'>et</span> <span class='ocrx_word' id='word_1_64' title='bbox 776 1533 934 1620; x_wconf 81' lang='lat' dir='ltr'>virium,</span> <span class='ocrx_word' id='word_1_65' title='bbox 954 1547 990 1603; x_wconf 91' lang='lat' dir='ltr'>et</span> <span class='ocrx_word' id='word_1_66' title='bbox 1008 1532 1127 1627; x_wconf 87' lang='lat' dir='ltr'>dejec-</span> 
     </span>
     <span class='ocr_line' id='line_1_12' title="bbox 120 1630 1128 1744; baseline 0.004 -29"><span class='ocrx_word' id='word_1_67' title='bbox 120 1646 294 1734; x_wconf 86' lang='lat' dir='ltr'>tionum,</span> <span class='ocrx_word' id='word_1_68' title='bbox 317 1672 407 1744; x_wconf 86' lang='lat' dir='ltr'>quas</span> <span class='ocrx_word' id='word_1_69' title='bbox 438 1648 636 1721; x_wconf 85' lang='lat' dir='ltr'>servandas</span> <span class='ocrx_word' id='word_1_70' title='bbox 664 1673 742 1721; x_wconf 88' lang='lat' dir='ltr'>esse</span> <span class='ocrx_word' id='word_1_71' title='bbox 770 1664 988 1737; x_wconf 81' lang='lat' dir='ltr'>statueram,</span> <span class='ocrx_word' id='word_1_72' title='bbox 1014 1630 1128 1721; x_wconf 75' lang='lat' dir='ltr'>ratio-</span> 
     </span>
     <span class='ocr_line' id='line_1_13' title="bbox 118 1761 1127 1863; baseline 0.004 -33"><span class='ocrx_word' id='word_1_73' title='bbox 118 1785 212 1831; x_wconf 91' lang='lat' dir='ltr'>nem</span> <span class='ocrx_word' id='word_1_74' title='bbox 232 1761 421 1834; x_wconf 87' lang='lat' dir='ltr'>haberem.</span> <span class='ocrx_word' id='word_1_75' title='bbox 441 1769 510 1836; x_wconf 89' lang='lat' dir='ltr'>Per</span> <span class='ocrx_word' id='word_1_76' title='bbox 524 1763 603 1834; x_wconf 84' lang='lat' dir='ltr'>haec</span> <span class='ocrx_word' id='word_1_77' title='bbox 620 1789 707 1850; x_wconf 85' lang='lat' dir='ltr'>cum</span> <span class='ocrx_word' id='word_1_78' title='bbox 723 1766 866 1863; x_wconf 86' lang='lat' dir='ltr'>vigilias</span> <span class='ocrx_word' id='word_1_79' title='bbox 883 1766 1127 1861; x_wconf 88' lang='lat' dir='ltr'>interrumpi,</span> 
     </span>
    </p>
   </div>
   <div class='ocr_carea' id='block_1_4' title="bbox 121 1881 1226 1977">
    <p class='ocr_par' dir='ltr' id='par_1_4' title="bbox 121 1881 1226 1977">
     <span class='ocr_line' id='line_1_14' title="bbox 121 1881 1226 1977; baseline 0.003 -27"><span class='ocrx_word' id='word_1_80' title='bbox 121 1893 160 1950; x_wconf 85' lang='lat' dir='ltr'>et</span> <span class='ocrx_word' id='word_1_81' title='bbox 168 1883 647 1977; x_wconf 87' lang='lat' dir='ltr'>nonnunquammitescere</span> <span class='ocrx_word' id='word_1_82' title='bbox 657 1882 831 1954; x_wconf 88' lang='lat' dir='ltr'>delirium</span> <span class='ocrx_word' id='word_1_83' title='bbox 842 1881 1127 1969; x_wconf 87' lang='lat' dir='ltr'>viderem,illud</span> <span class='ocrx_word' id='word_1_84' title='bbox 1223 1926 1226 1931; x_wconf 91' lang='lat'>-</span> 
     </span>
    </p>
   </div>
   <div class='ocr_carea' id='block_1_5' title="bbox 119 1997 1200 3617">
    <p class='ocr_par' dir='ltr' id='par_1_5' title="bbox 119 1997 1200 3617">
     <span class='ocr_line' id='line_1_15' title="bbox 119 1997 1128 2095; baseline 0.002 -29"><span class='ocrx_word' id='word_1_85' title='bbox 119 2022 242 2066; x_wconf 91' lang='lat' dir='ltr'>unum</span> <span class='ocrx_word' id='word_1_86' title='bbox 250 1997 534 2095; x_wconf 88' lang='lat' dir='ltr'>insequentibus</span> <span class='ocrx_word' id='word_1_87' title='bbox 545 1998 678 2071; x_wconf 90' lang='lat' dir='ltr'>diebus</span> <span class='ocrx_word' id='word_1_88' title='bbox 686 1998 1026 2095; x_wconf 83' lang='lat' dir='ltr'>displicuit,alvum</span> <span class='ocrx_word' id='word_1_89' title='bbox 1036 2020 1128 2069; x_wconf 87' lang='lat' dir='ltr'>con-</span> 
     </span>
     <span class='ocr_line' id='line_1_16' title="bbox 128 2114 1129 2213; baseline 0.001 -30"><span class='ocrx_word' id='word_1_90' title='bbox 128 2114 328 2209; x_wconf 85' lang='lat' dir='ltr'>quievisse.</span> <span class='ocrx_word' id='word_1_91' title='bbox 348 2119 421 2187; x_wconf 87' lang='lat' dir='ltr'>Aut</span> <span class='ocrx_word' id='word_1_92' title='bbox 436 2118 537 2187; x_wconf 91' lang='lat' dir='ltr'>enim</span> <span class='ocrx_word' id='word_1_93' title='bbox 556 2114 627 2186; x_wconf 86' lang='lat' dir='ltr'>hac</span> <span class='ocrx_word' id='word_1_94' title='bbox 639 2116 699 2185; x_wconf 88' lang='lat' dir='ltr'>via</span> <span class='ocrx_word' id='word_1_95' title='bbox 710 2139 795 2213; x_wconf 89' lang='lat' dir='ltr'>spes</span> <span class='ocrx_word' id='word_1_96' title='bbox 804 2130 901 2202; x_wconf 87' lang='lat' dir='ltr'>erat,</span> <span class='ocrx_word' id='word_1_97' title='bbox 919 2138 1030 2213; x_wconf 90' lang='lat' dir='ltr'>posse</span> <span class='ocrx_word' id='word_1_98' title='bbox 1046 2130 1129 2195; x_wconf 84' lang='lat' dir='ltr'>tan-</span> 
     </span>
     <span class='ocr_line' id='line_1_17' title="bbox 123 2230 1134 2333; baseline 0.001 -31"><span class='ocrx_word' id='word_1_99' title='bbox 123 2230 212 2302; x_wconf 90' lang='lat' dir='ltr'>dem</span> <span class='ocrx_word' id='word_1_100' title='bbox 232 2231 435 2329; x_wconf 90' lang='lat' dir='ltr'>aliquando</span> <span class='ocrx_word' id='word_1_101' title='bbox 454 2232 493 2304; x_wconf 90' lang='lat' dir='ltr'>id</span> <span class='ocrx_word' id='word_1_102' title='bbox 519 2257 675 2330; x_wconf 90' lang='lat' dir='ltr'>prorsus</span> <span class='ocrx_word' id='word_1_103' title='bbox 703 2234 789 2329; x_wconf 86' lang='lat' dir='ltr'>ejici</span> <span class='ocrx_word' id='word_1_104' title='bbox 819 2231 923 2330; x_wconf 92' lang='lat' dir='ltr'>quod</span> <span class='ocrx_word' id='word_1_105' title='bbox 951 2232 1134 2333; x_wconf 86' lang='lat' dir='ltr'>morbum</span> 
     </span>
     <span class='ocr_line' id='line_1_18' title="bbox 120 2348 1131 2438; baseline 0 -17"><span class='ocrx_word' id='word_1_106' title='bbox 120 2351 218 2421; x_wconf 86' lang='lat' dir='ltr'>adeo</span> <span class='ocrx_word' id='word_1_107' title='bbox 227 2350 465 2438; x_wconf 85' lang='lat' dir='ltr'>diuturnum,</span> <span class='ocrx_word' id='word_1_108' title='bbox 477 2373 521 2422; x_wconf 92' lang='lat' dir='ltr'>ac</span> <span class='ocrx_word' id='word_1_109' title='bbox 535 2348 806 2421; x_wconf 84' lang='lat' dir='ltr'>multiformem</span> <span class='ocrx_word' id='word_1_110' title='bbox 825 2366 1051 2422; x_wconf 88' lang='lat' dir='ltr'>servaverat:</span> <span class='ocrx_word' id='word_1_111' title='bbox 1066 2364 1131 2421; x_wconf 89' lang='lat' dir='ltr'>aut</span> 
     </span>
     <span class='ocr_line' id='line_1_19' title="bbox 123 2463 1129 2565; baseline -0.002 -27"><span class='ocrx_word' id='word_1_112' title='bbox 123 2467 281 2565; x_wconf 87' lang='lat' dir='ltr'>quando</span> <span class='ocrx_word' id='word_1_113' title='bbox 295 2469 361 2537; x_wconf 85' lang='lat' dir='ltr'>viae</span> <span class='ocrx_word' id='word_1_114' title='bbox 379 2482 515 2538; x_wconf 82' lang='lat' dir='ltr'>caeterae</span> <span class='ocrx_word' id='word_1_115' title='bbox 533 2469 721 2538; x_wconf 88' lang='lat' dir='ltr'>incassum</span> <span class='ocrx_word' id='word_1_116' title='bbox 747 2463 863 2537; x_wconf 81' lang='lat' dir='ltr'>ant&#39;ea&#39;</span> <span class='ocrx_word' id='word_1_117' title='bbox 878 2481 1026 2537; x_wconf 67' lang='lat' dir='ltr'>tentatae</span> <span class='ocrx_word' id='word_1_118' title='bbox 1049 2463 1129 2536; x_wconf 86' lang='lat' dir='ltr'>fue-</span> 
     </span>
     <span class='ocr_line' id='line_1_20' title="bbox 120 2582 1129 2684; baseline -0.002 -29"><span class='ocrx_word' id='word_1_119' title='bbox 120 2599 224 2674; x_wconf 88' lang='lat' dir='ltr'>rant,</span> <span class='ocrx_word' id='word_1_120' title='bbox 239 2586 428 2683; x_wconf 84' lang='lat' dir='ltr'>reliquum</span> <span class='ocrx_word' id='word_1_121' title='bbox 446 2599 544 2668; x_wconf 89' lang='lat' dir='ltr'>erat,</span> <span class='ocrx_word' id='word_1_122' title='bbox 561 2597 605 2652; x_wconf 90' lang='lat' dir='ltr'>ut</span> <span class='ocrx_word' id='word_1_123' title='bbox 620 2608 757 2653; x_wconf 87' lang='lat' dir='ltr'>novam</span> <span class='ocrx_word' id='word_1_124' title='bbox 772 2582 956 2684; x_wconf 85' lang='lat' dir='ltr'>aliquam,</span> <span class='ocrx_word' id='word_1_125' title='bbox 969 2584 1129 2654; x_wconf 84' lang='lat' dir='ltr'>excitato</span> 
     </span>
     <span class='ocr_line' id='line_1_21' title="bbox 123 2695 1130 2800; baseline -0.006 -25"><span class='ocrx_word' id='word_1_126' title='bbox 123 2703 253 2776; x_wconf 89' lang='lat' dir='ltr'>ulcere</span> <span class='ocrx_word' id='word_1_127' title='bbox 263 2756 272 2790; x_wconf 93' lang='lat'>,</span> <span class='ocrx_word' id='word_1_128' title='bbox 282 2725 452 2800; x_wconf 88' lang='lat' dir='ltr'>pararem</span> <span class='ocrx_word' id='word_1_129' title='bbox 463 2754 473 2787; x_wconf 92' lang='lat'>,</span> <span class='ocrx_word' id='word_1_130' title='bbox 486 2696 626 2798; x_wconf 84' lang='lat' dir='ltr'>siforte</span> <span class='ocrx_word' id='word_1_131' title='bbox 635 2722 703 2794; x_wconf 88' lang='lat' dir='ltr'>per</span> <span class='ocrx_word' id='word_1_132' title='bbox 712 2695 811 2766; x_wconf 84' lang='lat' dir='ltr'>hanc</span> <span class='ocrx_word' id='word_1_133' title='bbox 825 2697 977 2768; x_wconf 89' lang='lat' dir='ltr'>demum</span> <span class='ocrx_word' id='word_1_134' title='bbox 995 2699 1130 2795; x_wconf 84' lang='lat' dir='ltr'>expelli</span> 
     </span>
     <span class='ocr_line' id='line_1_22' title="bbox 122 2802 1131 2920; baseline -0.007 -28"><span class='ocrx_word' id='word_1_135' title='bbox 122 2834 252 2920; x_wconf 90' lang='lat' dir='ltr'>posset</span> <span class='ocrx_word' id='word_1_136' title='bbox 268 2818 372 2916; x_wconf 91' lang='lat' dir='ltr'>quod</span> <span class='ocrx_word' id='word_1_137' title='bbox 391 2838 460 2914; x_wconf 87' lang='lat' dir='ltr'>per</span> <span class='ocrx_word' id='word_1_138' title='bbox 479 2802 627 2886; x_wconf 58' lang='lat' dir='ltr'>c&#39;aeteras</span> <span class='ocrx_word' id='word_1_139' title='bbox 647 2836 726 2883; x_wconf 89' lang='lat' dir='ltr'>non</span> <span class='ocrx_word' id='word_1_140' title='bbox 744 2814 946 2911; x_wconf 90' lang='lat' dir='ltr'>potuisset,</span> <span class='ocrx_word' id='word_1_141' title='bbox 971 2830 1012 2884; x_wconf 92' lang='lat' dir='ltr'>ut</span> <span class='ocrx_word' id='word_1_142' title='bbox 1040 2829 1131 2911; x_wconf 90' lang='lat' dir='ltr'>puta</span> 
     </span>
     <span class='ocr_line' id='line_1_23' title="bbox 124 2928 1129 3032; baseline -0.005 -25"><span class='ocrx_word' id='word_1_143' title='bbox 124 2942 250 3007; x_wconf 85' lang='lat' dir='ltr'>nescio</span> <span class='ocrx_word' id='word_1_144' title='bbox 268 2938 429 3032; x_wconf 67' lang='lat' dir='ltr'>qumvis</span> <span class='ocrx_word' id='word_1_145' title='bbox 455 2932 639 3028; x_wconf 78' lang='lat' dir='ltr'>maligna,</span> <span class='ocrx_word' id='word_1_146' title='bbox 666 2930 831 3000; x_wconf 58' lang='lat' dir='ltr'>et&#39;virus</span> <span class='ocrx_word' id='word_1_147' title='bbox 847 2928 1064 3025; x_wconf 85' lang='lat' dir='ltr'>quoddom;</span> <span class='ocrx_word' id='word_1_148' title='bbox 1090 2930 1129 3002; x_wconf 89' lang='lat' dir='ltr'>id</span> 
     </span>
     <span class='ocr_line' id='line_1_24' title="bbox 126 3045 1133 3145; baseline -0.008 -19"><span class='ocrx_word' id='word_1_149' title='bbox 126 3055 247 3141; x_wconf 89' lang='lat' dir='ltr'>enim,</span> <span class='ocrx_word' id='word_1_150' title='bbox 268 3053 298 3122; x_wconf 91' lang='lat' dir='ltr'>si</span> <span class='ocrx_word' id='word_1_151' title='bbox 325 3048 563 3145; x_wconf 80' lang='lat' dir='ltr'>Ballonio(1)</span> <span class='ocrx_word' id='word_1_152' title='bbox 591 3046 797 3135; x_wconf 88' lang='lat' dir='ltr'>credimus,</span> <span class='ocrx_word' id='word_1_153' title='bbox 823 3045 994 3116; x_wconf 82' lang='lat' dir='ltr'>declarat</span> <span class='ocrx_word' id='word_1_154' title='bbox 1011 3049 1133 3118; x_wconf 82' lang='lat' dir='ltr'>subita</span> 
     </span>
     <span class='ocr_line' id='line_1_25' title="bbox 125 3164 1200 3260; baseline -0.002 -18"><span class='ocrx_word' id='word_1_155' title='bbox 125 3174 302 3256; x_wconf 68' lang='lat' dir='ltr'>mutatae,</span> <span class='ocrx_word' id='word_1_156' title='bbox 320 3183 358 3238; x_wconf 86' lang='lat' dir='ltr'>et</span> <span class='ocrx_word' id='word_1_157' title='bbox 374 3173 549 3238; x_wconf 79' lang='lat' dir='ltr'>transitus</span> <span class='ocrx_word' id='word_1_158' title='bbox 564 3166 687 3236; x_wconf 82' lang='lat' dir='ltr'>morbi</span> <span class='ocrx_word' id='word_1_159' title='bbox 701 3170 739 3233; x_wconf 83' lang='lat' dir='ltr'>in</span> <span class='ocrx_word' id='word_1_160' title='bbox 756 3164 883 3233; x_wconf 83' lang='lat' dir='ltr'>alium.</span> <span class='ocrx_word' id='word_1_161' title='bbox 902 3168 1130 3260; x_wconf 89' lang='lat' dir='ltr'>ltaquecum</span> <span class='ocrx_word' id='word_1_162' title='bbox 1199 3234 1200 3240; x_wconf 73' lang='grc'>,</span> 
     </span>
     <span class='ocr_line' id='line_1_26' title="bbox 125 3279 1132 3378; baseline -0.006 -18"><span class='ocrx_word' id='word_1_163' title='bbox 125 3287 241 3360; x_wconf 90' lang='lat' dir='ltr'>ducta</span> <span class='ocrx_word' id='word_1_164' title='bbox 259 3285 362 3357; x_wconf 88' lang='lat' dir='ltr'>alvus</span> <span class='ocrx_word' id='word_1_165' title='bbox 378 3309 457 3356; x_wconf 92' lang='lat' dir='ltr'>non</span> <span class='ocrx_word' id='word_1_166' title='bbox 477 3283 574 3354; x_wconf 87' lang='lat' dir='ltr'>ultra</span> <span class='ocrx_word' id='word_1_167' title='bbox 601 3306 721 3353; x_wconf 91' lang='lat' dir='ltr'>unum</span> <span class='ocrx_word' id='word_1_168' title='bbox 742 3280 842 3352; x_wconf 89' lang='lat' dir='ltr'>diem</span> <span class='ocrx_word' id='word_1_169' title='bbox 860 3279 1012 3369; x_wconf 87' lang='lat' dir='ltr'>flueret,</span> <span class='ocrx_word' id='word_1_170' title='bbox 1027 3299 1132 3378; x_wconf 92' lang='lat' dir='ltr'>post-</span> 
     </span>
     <span class='ocr_line' id='line_1_27' title="bbox 126 3399 1132 3501; baseline -0.004 -26"><span class='ocrx_word' id='word_1_171' title='bbox 126 3428 248 3501; x_wconf 86' lang='lat' dir='ltr'>eaque</span> <span class='ocrx_word' id='word_1_172' title='bbox 261 3403 422 3473; x_wconf 90' lang='lat' dir='ltr'>nonalia</span> <span class='ocrx_word' id='word_1_173' title='bbox 439 3399 614 3479; x_wconf 81' lang='lat' dir='ltr'>redderet</span> <span class='ocrx_word' id='word_1_174' title='bbox 630 3420 742 3496; x_wconf 86' lang='lat' dir='ltr'>quam</span> <span class='ocrx_word' id='word_1_175' title='bbox 758 3423 841 3495; x_wconf 80' lang='lat' dir='ltr'>quae</span> <span class='ocrx_word' id='word_1_176' title='bbox 857 3399 896 3467; x_wconf 94' lang='lat' dir='ltr'>in</span> <span class='ocrx_word' id='word_1_177' title='bbox 913 3400 1011 3470; x_wconf 90' lang='lat' dir='ltr'>sanis</span> <span class='ocrx_word' id='word_1_178' title='bbox 1022 3401 1132 3487; x_wconf 91' lang='lat' dir='ltr'>solet,</span> 
     </span>
     <span class='ocr_line' id='line_1_28' title="bbox 125 3515 1133 3617; baseline -0.006 -24"><span class='ocrx_word' id='word_1_179' title='bbox 125 3522 239 3593; x_wconf 86' lang='lat' dir='ltr'>urina</span> <span class='ocrx_word' id='word_1_180' title='bbox 253 3535 378 3592; x_wconf 86' lang='lat' dir='ltr'>autem</span> <span class='ocrx_word' id='word_1_181' title='bbox 399 3542 478 3590; x_wconf 90' lang='lat' dir='ltr'>non</span> <span class='ocrx_word' id='word_1_182' title='bbox 496 3540 633 3617; x_wconf 88' lang='lat' dir='ltr'>pauca,</span> <span class='ocrx_word' id='word_1_183' title='bbox 653 3531 690 3586; x_wconf 89' lang='lat' dir='ltr'>et</span> <span class='ocrx_word' id='word_1_184' title='bbox 711 3539 833 3587; x_wconf 87' lang='lat' dir='ltr'>crassa</span> <span class='ocrx_word' id='word_1_185' title='bbox 857 3515 951 3586; x_wconf 91' lang='lat' dir='ltr'>nihil</span> <span class='ocrx_word' id='word_1_186' title='bbox 972 3515 1133 3613; x_wconf 89' lang='lat' dir='ltr'>profice-</span> 
     </span>
    </p>
   </div>
   <div class='ocr_carea' id='block_1_6' title="bbox 127 3632 1133 3793">
    <p class='ocr_par' dir='ltr' id='par_1_6' title="bbox 127 3632 1133 3793">
     <span class='ocr_line' id='line_1_29' title="bbox 127 3632 1133 3731; baseline -0.008 -21"><span class='ocrx_word' id='word_1_187' title='bbox 127 3654 205 3725; x_wconf 83' lang='lat' dir='ltr'>ret3</span> <span class='ocrx_word' id='word_1_188' title='bbox 224 3638 322 3707; x_wconf 86' lang='lat' dir='ltr'>viam</span> <span class='ocrx_word' id='word_1_189' title='bbox 340 3638 441 3707; x_wconf 90' lang='lat' dir='ltr'>illam</span> <span class='ocrx_word' id='word_1_190' title='bbox 465 3660 601 3707; x_wconf 84' lang='lat' dir='ltr'>novam</span> <span class='ocrx_word' id='word_1_191' title='bbox 627 3635 666 3723; x_wconf 81' lang='lat' dir='ltr'>in</span> <span class='ocrx_word' id='word_1_192' title='bbox 693 3634 810 3705; x_wconf 83' lang='lat' dir='ltr'>altero</span> <span class='ocrx_word' id='word_1_193' title='bbox 829 3632 987 3705; x_wconf 89' lang='lat' dir='ltr'>brachio</span> <span class='ocrx_word' id='word_1_194' title='bbox 1003 3635 1133 3731; x_wconf 90' lang='lat' dir='ltr'>aperui</span> 
     </span>
     <span class='ocr_line' id='line_1_30' title="bbox 302 3760 324 3793; baseline 0 0"><span class='ocrx_word' id='word_1_195' title='bbox 302 3760 324 3793; x_wconf 59' lang='grc'>1</span> 
     </span>
    </p>
   </div>
   <div class='ocr_carea' id='block_1_7' title="bbox 169 3990 741 4071">
    <p class='ocr_par' dir='ltr' id='par_1_7' title="bbox 169 3990 741 4071">
     <span class='ocr_line' id='line_1_31' title="bbox 169 3990 741 4071; baseline -0.01 -20"><span class='ocrx_word' id='word_1_196' title='bbox 169 3994 217 4071; x_wconf 86' lang='lat'>(1)</span> <span class='ocrx_word' id='word_1_197' title='bbox 237 3994 372 4070; x_wconf 85' lang='lat' dir='ltr'>Epidem.</span> <span class='ocrx_word' id='word_1_198' title='bbox 387 3996 408 4050; x_wconf 84' lang='lat' dir='ltr'>l.</span> <span class='ocrx_word' id='word_1_199' title='bbox 423 4012 457 4066; x_wconf 81' lang='lat' dir='ltr'>a,</span> <span class='ocrx_word' id='word_1_200' title='bbox 472 3994 510 4050; x_wconf 87' lang='lat' dir='ltr'>ad</span> <span class='ocrx_word' id='word_1_201' title='bbox 522 3995 590 4049; x_wconf 89' lang='lat' dir='ltr'>Ver.</span> <span class='ocrx_word' id='word_1_202' title='bbox 606 4010 644 4047; x_wconf 89' lang='lat' dir='ltr'>an</span> <span class='ocrx_word' id='word_1_203' title='bbox 658 3990 741 4062; x_wconf 85' lang='lat'>1578.</span> 
     </span>
    </p>
   </div>
   <div class='ocr_carea' id='block_1_8' title="bbox 0 0 1413 4668">
    <p class='ocr_par' dir='ltr' id='par_1_8' title="bbox 0 0 1413 4668">
     <span class='ocr_line' id='line_1_32' title="bbox 0 0 1413 4668; baseline 0 0"><span class='ocrx_word' id='word_1_204' title='bbox 0 0 1413 4668; x_wconf 95' lang='lat' dir='ltr'> </span> 
     </span>
    </p>
   </div>
  </div>
 </body>
</html>
