<?xml version="1.0" encoding="UTF-8"?>
<!DOCTYPE html PUBLIC "-//W3C//DTD XHTML 1.0 Transitional//EN"
    "http://www.w3.org/TR/xhtml1/DTD/xhtml1-transitional.dtd">
<html xmlns="http://www.w3.org/1999/xhtml" xml:lang="en" lang="en">
 <head>
  <title>
</title>
<meta http-equiv="Content-Type" content="text/html;charset=utf-8" />
  <meta name='ocr-system' content='tesseract 3.04.00' />
  <meta name='ocr-capabilities' content='ocr_page ocr_carea ocr_par ocr_line ocrx_word'/>
</head>
<body>
  <div class='ocr_page' id='page_1' title='image "./desedibusetcaus06adelgoog_0531.png"; bbox 0 0 2774 4670; ppageno 0'>
   <div class='ocr_carea' id='block_1_1' title="bbox 295 435 1130 515">
    <p class='ocr_par' dir='ltr' id='par_1_1' title="bbox 295 435 1130 515">
     <span class='ocr_line' id='line_1_1' title="bbox 295 435 1130 515; baseline 0.008 -7"><span class='ocrx_word' id='word_1_1' title='bbox 295 435 365 509; x_wconf 76' lang='lat'><strong>520</strong></span> <span class='ocrx_word' id='word_1_2' title='bbox 461 463 508 509; x_wconf 78' lang='lat' dir='ltr'><strong>nr</strong></span> <span class='ocrx_word' id='word_1_3' title='bbox 532 461 677 509; x_wconf 70' lang='lat' dir='ltr'><strong>stoicos</strong></span> <span class='ocrx_word' id='word_1_4' title='bbox 701 464 747 513; x_wconf 79' lang='lat' dir='ltr'><strong>rr</strong></span> <span class='ocrx_word' id='word_1_5' title='bbox 772 462 894 512; x_wconf 68' lang='lat' dir='ltr'><strong>crosis</strong></span> <span class='ocrx_word' id='word_1_6' title='bbox 919 464 1130 515; x_wconf 73' lang='lat' dir='ltr'><strong>noaroanar</strong></span> 
     </span>
    </p>
   </div>
   <div class='ocr_carea' id='block_1_2' title="bbox 293 574 1305 2320">
    <p class='ocr_par' dir='ltr' id='par_1_2' title="bbox 293 574 1305 2320">
     <span class='ocr_line' id='line_1_2' title="bbox 294 574 1288 677; baseline 0.004 -28"><span class='ocrx_word' id='word_1_7' title='bbox 294 578 390 663; x_wconf 84' lang='lat' dir='ltr'><strong>rius,</strong></span> <span class='ocrx_word' id='word_1_8' title='bbox 406 602 502 674; x_wconf 71' lang='lat' dir='ltr'><strong>aeger</strong></span> <span class='ocrx_word' id='word_1_9' title='bbox 520 574 753 674; x_wconf 83' lang='lat' dir='ltr'>designabat,</span> <span class='ocrx_word' id='word_1_10' title='bbox 773 576 1062 677; x_wconf 76' lang='lat' dir='ltr'><strong>undequaque,</strong></span> <span class='ocrx_word' id='word_1_11' title='bbox 1081 581 1220 671; x_wconf 85' lang='lat' dir='ltr'><strong>aiebat,</strong></span> <span class='ocrx_word' id='word_1_12' title='bbox 1240 582 1288 653; x_wconf 83' lang='lat' dir='ltr'><strong>af·</strong></span> 
     </span>
     <span class='ocr_line' id='line_1_3' title="bbox 294 694 1288 798; baseline 0.004 -31"><span class='ocrx_word' id='word_1_13' title='bbox 294 694 495 769; x_wconf 75' lang='lat' dir='ltr'><strong>lectionem</strong></span> <span class='ocrx_word' id='word_1_14' title='bbox 512 697 696 792; x_wconf 81' lang='lat' dir='ltr'>incipere,</span> <span class='ocrx_word' id='word_1_15' title='bbox 716 711 753 767; x_wconf 92' lang='lat' dir='ltr'><strong>et</strong></span> <span class='ocrx_word' id='word_1_16' title='bbox 769 696 915 769; x_wconf 87' lang='lat' dir='ltr'><strong>sursum</strong></span> <span class='ocrx_word' id='word_1_17' title='bbox 935 701 1042 795; x_wconf 88' lang='lat' dir='ltr'><strong>quasi</strong></span> <span class='ocrx_word' id='word_1_18' title='bbox 1055 697 1183 773; x_wconf 84' lang='lat' dir='ltr'><strong>efferri</strong></span> <span class='ocrx_word' id='word_1_19' title='bbox 1201 726 1288 798; x_wconf 88' lang='lat' dir='ltr'><strong>quo·</strong></span> 
     </span>
     <span class='ocr_line' id='line_1_4' title="bbox 294 814 1305 914; baseline 0.003 -30"><span class='ocrx_word' id='word_1_20' title='bbox 294 815 528 910; x_wconf 85' lang='lat' dir='ltr'><strong>tiescnmque</strong></span> <span class='ocrx_word' id='word_1_21' title='bbox 553 814 735 911; x_wconf 79' lang='lat' dir='ltr'><strong>gravioris</strong></span> <span class='ocrx_word' id='word_1_22' title='bbox 755 817 1012 913; x_wconf 74' lang='lat' dir='ltr'><strong>respirationis</strong></span> <span class='ocrx_word' id='word_1_23' title='bbox 1029 819 1197 890; x_wconf 84' lang='lat' dir='ltr'><strong>accessio</strong></span> <span class='ocrx_word' id='word_1_24' title='bbox 1221 820 1305 914; x_wconf 13' lang='lat' dir='ltr'><strong>jam-</strong></span> 
     </span>
     <span class='ocr_line' id='line_1_5' title="bbox 293 931 1291 1025; baseline 0.006 -26"><span class='ocrx_word' id='word_1_25' title='bbox 293 931 370 1025; x_wconf 83' lang='lat' dir='ltr'><strong>jam</strong></span> <span class='ocrx_word' id='word_1_26' title='bbox 390 931 613 1002; x_wconf 81' lang='lat' dir='ltr'><strong>immineret.</strong></span> <span class='ocrx_word' id='word_1_27' title='bbox 626 931 737 1002; x_wconf 88' lang='lat' dir='ltr'><strong>Nulla</strong></span> <span class='ocrx_word' id='word_1_28' title='bbox 754 946 879 1004; x_wconf 89' lang='lat' dir='ltr'><strong>tamen</strong></span> <span class='ocrx_word' id='word_1_29' title='bbox 897 935 990 1021; x_wconf 87' lang='lat' dir='ltr'><strong>sitis,</strong></span> <span class='ocrx_word' id='word_1_30' title='bbox 1009 934 1139 1006; x_wconf 90' lang='lat' dir='ltr'><strong>nullus</strong></span> <span class='ocrx_word' id='word_1_31' title='bbox 1152 937 1195 1005; x_wconf 93' lang='lat' dir='ltr'><strong>in</strong></span> <span class='ocrx_word' id='word_1_32' title='bbox 1214 935 1291 1006; x_wconf 91' lang='lat' dir='ltr'><strong>tho·</strong></span> 
     </span>
     <span class='ocr_line' id='line_1_6' title="bbox 293 1048 1292 1150; baseline 0.004 -31"><span class='ocrx_word' id='word_1_33' title='bbox 293 1072 381 1120; x_wconf 86' lang='lat' dir='ltr'><strong>race</strong></span> <span class='ocrx_word' id='word_1_34' title='bbox 398 1048 595 1146; x_wconf 87' lang='lat' dir='ltr'><strong>ponderis,</strong></span> <span class='ocrx_word' id='word_1_35' title='bbox 606 1064 671 1119; x_wconf 89' lang='lat' dir='ltr'><strong>aut</strong></span> <span class='ocrx_word' id='word_1_36' title='bbox 681 1050 736 1119; x_wconf 88' lang='lat' dir='ltr'><strong>rei</strong></span> <span class='ocrx_word' id='word_1_37' title='bbox 748 1050 901 1122; x_wconf 89' lang='lat' dir='ltr'><strong>alterius</strong></span> <span class='ocrx_word' id='word_1_38' title='bbox 913 1075 1061 1139; x_wconf 87' lang='lat' dir='ltr'><strong>sensus,</strong></span> <span class='ocrx_word' id='word_1_39' title='bbox 1078 1050 1185 1123; x_wconf 88' lang='lat' dir='ltr'><strong>unde</strong></span> <span class='ocrx_word' id='word_1_40' title='bbox 1204 1078 1292 1150; x_wconf 66' lang='lat' dir='ltr'><strong>aeger</strong></span> 
     </span>
     <span class='ocr_line' id='line_1_7' title="bbox 295 1164 1292 1263; baseline 0.006 -26"><span class='ocrx_word' id='word_1_41' title='bbox 295 1166 465 1237; x_wconf 86' lang='lat' dir='ltr'><strong>crederet</strong></span> <span class='ocrx_word' id='word_1_42' title='bbox 481 1190 617 1263; x_wconf 88' lang='lat' dir='ltr'><strong>aquam</strong></span> <span class='ocrx_word' id='word_1_43' title='bbox 633 1164 702 1237; x_wconf 88' lang='lat' dir='ltr'><strong>sibi</strong></span> <span class='ocrx_word' id='word_1_44' title='bbox 719 1167 757 1235; x_wconf 91' lang='lat' dir='ltr'><strong>in</strong></span> <span class='ocrx_word' id='word_1_45' title='bbox 770 1168 870 1239; x_wconf 88' lang='lat' dir='ltr'><strong>illins</strong></span> <span class='ocrx_word' id='word_1_46' title='bbox 890 1191 982 1239; x_wconf 85' lang='lat' dir='ltr'><strong>cavo</strong></span> <span class='ocrx_word' id='word_1_47' title='bbox 991 1168 1191 1241; x_wconf 86' lang='lat' dir='ltr'><strong>collectam</strong></span> <span class='ocrx_word' id='word_1_48' title='bbox 1201 1196 1292 1257; x_wconf 81' lang='lat' dir='ltr'><strong>esse3</strong></span> 
     </span>
     <span class='ocr_line' id='line_1_8' title="bbox 296 1283 1293 1385; baseline 0.005 -31"><span class='ocrx_word' id='word_1_49' title='bbox 296 1300 339 1355; x_wconf 91' lang='lat' dir='ltr'><strong>ut</strong></span> <span class='ocrx_word' id='word_1_50' title='bbox 361 1284 533 1370; x_wconf 91' lang='lat' dir='ltr'><strong>medicis,</strong></span> <span class='ocrx_word' id='word_1_51' title='bbox 557 1284 596 1353; x_wconf 91' lang='lat' dir='ltr'><strong>id</strong></span> <span class='ocrx_word' id='word_1_52' title='bbox 621 1283 917 1381; x_wconf 88' lang='lat' dir='ltr'><strong>suspicantibus,</strong></span> <span class='ocrx_word' id='word_1_53' title='bbox 938 1310 976 1359; x_wconf 88' lang='lat' dir='ltr'><strong>se</strong></span> <span class='ocrx_word' id='word_1_54' title='bbox 995 1289 1168 1359; x_wconf 82' lang='lat' dir='ltr'><strong>assentiri</strong></span> <span class='ocrx_word' id='word_1_55' title='bbox 1192 1313 1293 1385; x_wconf 88' lang='lat' dir='ltr'><strong>posse</strong></span> 
     </span>
     <span class='ocr_line' id='line_1_9' title="bbox 296 1403 1294 1499; baseline 0.001 -26"><span class='ocrx_word' id='word_1_56' title='bbox 296 1418 469 1499; x_wconf 86' lang='lat' dir='ltr'><strong>negaret;</strong></span> <span class='ocrx_word' id='word_1_57' title='bbox 487 1403 552 1475; x_wconf 83' lang='lat' dir='ltr'><strong>sed</strong></span> <span class='ocrx_word' id='word_1_58' title='bbox 573 1403 809 1475; x_wconf 83' lang='lat' dir='ltr'><strong>convulsivos</strong></span> <span class='ocrx_word' id='word_1_59' title='bbox 821 1404 948 1475; x_wconf 90' lang='lat' dir='ltr'><strong>mallet</strong></span> <span class='ocrx_word' id='word_1_60' title='bbox 965 1408 1140 1477; x_wconf 86' lang='lat' dir='ltr'><strong>incusare</strong></span> <span class='ocrx_word' id='word_1_61' title='bbox 1160 1408 1294 1476; x_wconf 84' lang='lat' dir='ltr'><strong>ventri·</strong></span> 
     </span>
     <span class='ocr_line' id='line_1_10' title="bbox 295 1519 1294 1616; baseline 0.001 -24"><span class='ocrx_word' id='word_1_62' title='bbox 295 1523 373 1592; x_wconf 88' lang='lat' dir='ltr'><strong>culi</strong></span> <span class='ocrx_word' id='word_1_63' title='bbox 399 1519 571 1609; x_wconf 82' lang='lat' dir='ltr'><strong>affectus,</strong></span> <span class='ocrx_word' id='word_1_64' title='bbox 599 1520 739 1616; x_wconf 89' lang='lat' dir='ltr'><strong>quibus</strong></span> <span class='ocrx_word' id='word_1_65' title='bbox 762 1522 871 1592; x_wconf 87' lang='lat' dir='ltr'><strong>etiam</strong></span> <span class='ocrx_word' id='word_1_66' title='bbox 898 1522 1089 1591; x_wconf 86' lang='lat' dir='ltr'><strong>interdum</strong></span> <span class='ocrx_word' id='word_1_67' title='bbox 1113 1521 1294 1593; x_wconf 81' lang='lat' dir='ltr'><strong>obnoxius</strong></span> 
     </span>
     <span class='ocr_line' id='line_1_11' title="bbox 298 1637 1294 1711; baseline -0.001 -2"><span class='ocrx_word' id='word_1_68' title='bbox 298 1638 428 1710; x_wconf 70' lang='lat' dir='ltr'><strong>furerat.</strong></span> <span class='ocrx_word' id='word_1_69' title='bbox 456 1645 603 1710; x_wconf 87' lang='lat' dir='ltr'><strong>Interea</strong></span> <span class='ocrx_word' id='word_1_70' title='bbox 621 1638 809 1710; x_wconf 87' lang='lat' dir='ltr'><strong>abdomen</strong></span> <span class='ocrx_word' id='word_1_71' title='bbox 831 1637 1104 1710; x_wconf 83' lang='lat' dir='ltr'><strong>intumescebat</strong></span> <span class='ocrx_word' id='word_1_72' title='bbox 1124 1666 1133 1707; x_wconf 77' lang='lat' dir='ltr'><em>z</em></span> <span class='ocrx_word' id='word_1_73' title='bbox 1153 1654 1192 1711; x_wconf 90' lang='lat' dir='ltr'><strong>et</strong></span> <span class='ocrx_word' id='word_1_74' title='bbox 1217 1664 1294 1710; x_wconf 91' lang='lat' dir='ltr'><strong>con·</strong></span> 
     </span>
     <span class='ocr_line' id='line_1_12' title="bbox 299 1753 1295 1854; baseline 0 -28"><span class='ocrx_word' id='word_1_75' title='bbox 299 1758 487 1829; x_wconf 78' lang='lat' dir='ltr'><strong>vulsiones</strong></span> <span class='ocrx_word' id='word_1_76' title='bbox 501 1781 587 1827; x_wconf 90' lang='lat' dir='ltr'><strong>cum</strong></span> <span class='ocrx_word' id='word_1_77' title='bbox 601 1755 767 1827; x_wconf 89' lang='lat' dir='ltr'><strong>balbutie</strong></span> <span class='ocrx_word' id='word_1_78' title='bbox 787 1753 1029 1841; x_wconf 83' lang='lat' dir='ltr'><strong>exercebant,</strong></span> <span class='ocrx_word' id='word_1_79' title='bbox 1046 1755 1193 1828; x_wconf 89' lang='lat' dir='ltr'><strong>ultimis&#39;</strong></span> <span class='ocrx_word' id='word_1_80' title='bbox 1212 1781 1295 1854; x_wconf 81' lang='lat' dir='ltr'><strong>pra·</strong></span> 
     </span>
     <span class='ocr_line' id='line_1_13' title="bbox 300 1871 1297 1966; baseline -0.003 -19"><span class='ocrx_word' id='word_1_81' title='bbox 300 1877 426 1966; x_wconf 87' lang='lat' dir='ltr'><strong>sertim</strong></span> <span class='ocrx_word' id='word_1_82' title='bbox 436 1873 580 1945; x_wconf 88' lang='lat' dir='ltr'><strong>diebus.</strong></span> <span class='ocrx_word' id='word_1_83' title='bbox 592 1875 691 1962; x_wconf 87' lang='lat' dir='ltr'><strong>Quin</strong></span> <span class='ocrx_word' id='word_1_84' title='bbox 701 1871 858 1943; x_wconf 90' lang='lat' dir='ltr'><strong>biduum</strong></span> <span class='ocrx_word' id='word_1_85' title='bbox 872 1888 1082 1942; x_wconf 82' lang='lat' dir='ltr'><strong>extremum</strong></span> <span class='ocrx_word' id='word_1_86' title='bbox 1092 1872 1297 1944; x_wconf 88' lang='lat' dir='ltr'><strong>balbutien-</strong></span> 
     </span>
     <span class='ocr_line' id='line_1_14' title="bbox 300 1988 1295 2088; baseline -0.002 -24"><span class='ocrx_word' id='word_1_87' title='bbox 300 2008 394 2079; x_wconf 87' lang='lat' dir='ltr'><strong>tem,</strong></span> <span class='ocrx_word' id='word_1_88' title='bbox 410 2007 447 2061; x_wconf 90' lang='lat' dir='ltr'><strong>et</strong></span> <span class='ocrx_word' id='word_1_89' title='bbox 464 1991 582 2062; x_wconf 89' lang='lat' dir='ltr'><strong>aliena</strong></span> <span class='ocrx_word' id='word_1_90' title='bbox 596 1988 673 2061; x_wconf 81' lang='lat' dir='ltr'><strong>fere</strong></span> <span class='ocrx_word' id='word_1_91' title='bbox 690 1989 928 2088; x_wconf 90' lang='lat' dir='ltr'><strong>loquentem,</strong></span> <span class='ocrx_word' id='word_1_92' title='bbox 943 2007 979 2063; x_wconf 87' lang='lat' dir='ltr'><strong>et</strong></span> <span class='ocrx_word' id='word_1_93' title='bbox 995 2004 1108 2087; x_wconf 91' lang='lat' dir='ltr'><strong>caput</strong></span> <span class='ocrx_word' id='word_1_94' title='bbox 1118 1990 1295 2078; x_wconf 87' lang='lat' dir='ltr'><strong>subinde,</strong></span> 
     </span>
     <span class='ocr_line' id='line_1_15' title="bbox 300 2107 1296 2207; baseline -0.001 -28"><span class='ocrx_word' id='word_1_95' title='bbox 300 2110 405 2207; x_wconf 90' lang='lat' dir='ltr'><strong>quasi</strong></span> <span class='ocrx_word' id='word_1_96' title='bbox 427 2108 589 2205; x_wconf 89' lang='lat' dir='ltr'><strong>amplius</strong></span> <span class='ocrx_word' id='word_1_97' title='bbox 613 2108 797 2179; x_wconf 85' lang='lat' dir='ltr'><strong>sustinere</strong></span> <span class='ocrx_word' id='word_1_98' title='bbox 821 2133 902 2177; x_wconf 92' lang='lat' dir='ltr'><strong>non</strong></span> <span class='ocrx_word' id='word_1_99' title='bbox 929 2122 1073 2204; x_wconf 83' lang='lat' dir='ltr'><strong>posset,</strong></span> <span class='ocrx_word' id='word_1_100' title='bbox 1101 2107 1296 2180; x_wconf 89' lang='lat' dir='ltr'><strong>demitten-</strong></span> 
     </span>
     <span class='ocr_line' id='line_1_16' title="bbox 299 2223 1297 2320; baseline -0.004 -22"><span class='ocrx_word' id='word_1_101' title='bbox 299 2243 393 2314; x_wconf 90' lang='lat' dir='ltr'><strong>tem,</strong></span> <span class='ocrx_word' id='word_1_102' title='bbox 408 2228 587 2312; x_wconf 87' lang='lat' dir='ltr'><strong>acriores,</strong></span> <span class='ocrx_word' id='word_1_103' title='bbox 607 2246 796 2320; x_wconf 85' lang='lat' dir='ltr'><strong>quaecum</strong></span> <span class='ocrx_word' id='word_1_104' title='bbox 816 2223 1038 2295; x_wconf 88' lang='lat' dir='ltr'><strong>distortione</strong></span> <span class='ocrx_word' id='word_1_105' title='bbox 1051 2226 1130 2295; x_wconf 91' lang='lat' dir='ltr'><strong>oris</strong></span> <span class='ocrx_word' id='word_1_106' title='bbox 1150 2225 1297 2296; x_wconf 91' lang='lat' dir='ltr'><strong>demum</strong></span> 
     </span>
    </p>
   </div>
   <div class='ocr_carea' id='block_1_3' title="bbox 297 2340 1298 2532">
    <p class='ocr_par' dir='ltr' id='par_1_3' title="bbox 297 2340 1298 2532">
     <span class='ocr_line' id='line_1_17' title="bbox 298 2340 1298 2441; baseline 0 -28"><span class='ocrx_word' id='word_1_107' title='bbox 298 2346 529 2441; x_wconf 81' lang='lat' dir='ltr'><strong>ingruerant,</strong></span> <span class='ocrx_word' id='word_1_108' title='bbox 538 2341 929 2414; x_wconf 86' lang='lat' dir='ltr'><strong>convulsionesvirum</strong></span> <span class='ocrx_word' id='word_1_109' title='bbox 937 2340 1220 2413; x_wconf 89' lang='lat' dir='ltr'><strong>nobilissimum</strong></span> <span class='ocrx_word' id='word_1_110' title='bbox 1230 2367 1298 2415; x_wconf 76' lang='lat' dir='ltr'><strong>sus</strong></span> 
     </span>
     <span class='ocr_line' id='line_1_18' title="bbox 297 2463 476 2532; baseline -0.022 0"><span class='ocrx_word' id='word_1_111' title='bbox 297 2463 476 2532; x_wconf 88' lang='lat' dir='ltr'><strong>tulerunt.</strong></span> 
     </span>
    </p>
   </div>
   <div class='ocr_carea' id='block_1_4' title="bbox 234 2577 1379 4080">
    <p class='ocr_par' dir='ltr' id='par_1_4' title="bbox 234 2577 1379 4080">
     <span class='ocr_line' id='line_1_19' title="bbox 348 2577 1297 2673; baseline -0.001 -23"><span class='ocrx_word' id='word_1_112' title='bbox 348 2585 501 2667; x_wconf 82' lang='lat' dir='ltr'><strong>Venter,</strong></span> <span class='ocrx_word' id='word_1_113' title='bbox 523 2579 592 2650; x_wconf 90' lang='lat' dir='ltr'><strong>etsi</strong></span> <span class='ocrx_word' id='word_1_114' title='bbox 610 2581 649 2646; x_wconf 90' lang='lat' dir='ltr'><strong>in</strong></span> <span class='ocrx_word' id='word_1_115' title='bbox 664 2592 815 2647; x_wconf 88' lang='lat' dir='ltr'><strong>mortno</strong></span> <span class='ocrx_word' id='word_1_116' title='bbox 833 2601 986 2673; x_wconf 89' lang='lat' dir='ltr'><strong>quoque</strong></span> <span class='ocrx_word' id='word_1_117' title='bbox 1005 2577 1195 2665; x_wconf 87' lang='lat' dir='ltr'><strong>tumebat,</strong></span> <span class='ocrx_word' id='word_1_118' title='bbox 1216 2577 1297 2649; x_wconf 90' lang='lat' dir='ltr'><strong>sub·</strong></span> 
     </span>
     <span class='ocr_line' id='line_1_20' title="bbox 297 2693 1379 2794; baseline -0.005 -25"><span class='ocrx_word' id='word_1_119' title='bbox 297 2700 462 2794; x_wconf 79' lang='lat' dir='ltr'><strong>jeetique</strong></span> <span class='ocrx_word' id='word_1_120' title='bbox 484 2696 557 2767; x_wconf 90' lang='lat' dir='ltr'><strong>coli</strong></span> <span class='ocrx_word' id='word_1_121' title='bbox 576 2693 769 2765; x_wconf 83' lang='lat' dir='ltr'><strong>involucra</strong></span> <span class='ocrx_word' id='word_1_122' title='bbox 786 2718 949 2790; x_wconf 90' lang='lat' dir='ltr'><strong>aquosus</strong></span> <span class='ocrx_word' id='word_1_123' title='bbox 963 2709 1091 2765; x_wconf 88' lang='lat' dir='ltr'><strong>tumor</strong></span> <span class='ocrx_word' id='word_1_124' title='bbox 1110 2693 1296 2766; x_wconf 90' lang='lat' dir='ltr'><strong>distende·</strong></span> <span class='ocrx_word' id='word_1_125' title='bbox 1378 2734 1379 2737; x_wconf 18' lang='grc' dir='ltr'>π</span> 
     </span>
     <span class='ocr_line' id='line_1_21' title="bbox 300 2810 1379 2910; baseline -0.006 -24"><span class='ocrx_word' id='word_1_126' title='bbox 300 2814 375 2900; x_wconf 86' lang='lat' dir='ltr'><strong>bat,</strong></span> <span class='ocrx_word' id='word_1_127' title='bbox 386 2838 511 2910; x_wconf 89' lang='lat' dir='ltr'><strong>neque</strong></span> <span class='ocrx_word' id='word_1_128' title='bbox 522 2816 619 2883; x_wconf 86' lang='lat' dir='ltr'><strong>inter</strong></span> <span class='ocrx_word' id='word_1_129' title='bbox 627 2813 823 2909; x_wconf 86' lang='lat' dir='ltr'><strong>inguinum</strong></span> <span class='ocrx_word' id='word_1_130' title='bbox 839 2813 1203 2908; x_wconf 84' lang='lat' dir='ltr'><strong>integumentaaqua</strong></span> <span class='ocrx_word' id='word_1_131' title='bbox 1219 2810 1298 2880; x_wconf 90' lang='lat' dir='ltr'><strong>dee·</strong></span> <span class='ocrx_word' id='word_1_132' title='bbox 1378 2820 1379 2825; x_wconf 77' lang='grc'>’</span> 
     </span>
     <span class='ocr_line' id='line_1_22' title="bbox 298 2926 1298 3025; baseline -0.005 -23"><span class='ocrx_word' id='word_1_133' title='bbox 298 2947 373 3019; x_wconf 89' lang='lat' dir='ltr'><strong>rat;</strong></span> <span class='ocrx_word' id='word_1_134' title='bbox 386 2930 480 3001; x_wconf 89' lang='lat' dir='ltr'><strong>nihil</strong></span> <span class='ocrx_word' id='word_1_135' title='bbox 492 2945 616 3001; x_wconf 87' lang='lat' dir='ltr'><strong>tamen</strong></span> <span class='ocrx_word' id='word_1_136' title='bbox 632 2928 694 2999; x_wconf 91' lang='lat' dir='ltr'><strong>ille</strong></span> <span class='ocrx_word' id='word_1_137' title='bbox 707 2943 770 2999; x_wconf 91' lang='lat' dir='ltr'><strong>aut</strong></span> <span class='ocrx_word' id='word_1_138' title='bbox 787 2942 887 2999; x_wconf 86' lang='lat' dir='ltr'><strong>certe</strong></span> <span class='ocrx_word' id='word_1_139' title='bbox 897 2952 1102 3025; x_wconf 89' lang='lat' dir='ltr'><strong>perparum</strong></span> <span class='ocrx_word' id='word_1_140' title='bbox 1113 2926 1224 3000; x_wconf 83' lang='lat' dir='ltr'><strong>effusi</strong></span> <span class='ocrx_word' id='word_1_141' title='bbox 1238 2928 1298 2997; x_wconf 92' lang='lat' dir='ltr'><strong>ha-</strong></span> 
     </span>
     <span class='ocr_line' id='line_1_23' title="bbox 299 3043 1298 3120; baseline -0.005 0"><span class='ocrx_word' id='word_1_142' title='bbox 299 3048 382 3120; x_wconf 92' lang='lat' dir='ltr'><strong>buit</strong></span> <span class='ocrx_word' id='word_1_143' title='bbox 400 3047 749 3120; x_wconf 85' lang='lat' dir='ltr'><strong>humoris..Scilicet</strong></span> <span class='ocrx_word' id='word_1_144' title='bbox 766 3071 851 3116; x_wconf 86' lang='lat' dir='ltr'><strong>aere</strong></span> <span class='ocrx_word' id='word_1_145' title='bbox 876 3043 1021 3117; x_wconf 89' lang='lat' dir='ltr'><strong>tumida</strong></span> <span class='ocrx_word' id='word_1_146' title='bbox 1040 3047 1223 3117; x_wconf 89' lang='lat' dir='ltr'><strong>intestina</strong></span> <span class='ocrx_word' id='word_1_147' title='bbox 1243 3071 1298 3116; x_wconf 82' lang='lat' dir='ltr'><strong>ex·</strong></span> 
     </span>
     <span class='ocr_line' id='line_1_24' title="bbox 234 3160 1296 3259; baseline -0.004 -23"><span class='ocrx_word' id='word_1_148' title='bbox 234 3222 237 3229; x_wconf 86' lang='lat'>.</span> <span class='ocrx_word' id='word_1_149' title='bbox 300 3166 479 3237; x_wconf 89' lang='lat' dir='ltr'><strong>tuberans</strong></span> <span class='ocrx_word' id='word_1_150' title='bbox 505 3164 691 3236; x_wconf 89' lang='lat' dir='ltr'><strong>abdomen</strong></span> <span class='ocrx_word' id='word_1_151' title='bbox 719 3160 930 3234; x_wconf 84' lang='lat' dir='ltr'><strong>effecerant.</strong></span> <span class='ocrx_word' id='word_1_152' title='bbox 952 3168 1078 3259; x_wconf 88' lang='lat' dir='ltr'><strong>Hepar</strong></span> <span class='ocrx_word' id='word_1_153' title='bbox 1099 3177 1137 3232; x_wconf 91' lang='lat' dir='ltr'><strong>et</strong></span> <span class='ocrx_word' id='word_1_154' title='bbox 1153 3163 1296 3247; x_wconf 87' lang='lat' dir='ltr'><strong>colore,</strong></span> 
     </span>
     <span class='ocr_line' id='line_1_25' title="bbox 300 3278 1296 3367; baseline -0.005 -15"><span class='ocrx_word' id='word_1_155' title='bbox 300 3297 337 3352; x_wconf 88' lang='lat' dir='ltr'><strong>et</strong></span> <span class='ocrx_word' id='word_1_156' title='bbox 353 3280 585 3353; x_wconf 85' lang='lat' dir='ltr'><strong>firmitudine</strong></span> <span class='ocrx_word' id='word_1_157' title='bbox 604 3294 682 3350; x_wconf 84' lang='lat' dir='ltr'><strong>erat</strong></span> <span class='ocrx_word' id='word_1_158' title='bbox 698 3294 801 3351; x_wconf 81' lang='lat' dir='ltr'><strong>extra</strong></span> <span class='ocrx_word' id='word_1_159' title='bbox 812 3295 953 3351; x_wconf 86' lang='lat' dir='ltr'><strong>naturae</strong></span> <span class='ocrx_word' id='word_1_160' title='bbox 972 3279 1152 3367; x_wconf 89' lang='lat' dir='ltr'><strong>modum;</strong></span> <span class='ocrx_word' id='word_1_161' title='bbox 1170 3278 1237 3350; x_wconf 93' lang='lat' dir='ltr'><strong>sed</strong></span> <span class='ocrx_word' id='word_1_162' title='bbox 1251 3278 1296 3347; x_wconf 90' lang='lat' dir='ltr'><strong>le·</strong></span> 
     </span>
     <span class='ocr_line' id='line_1_26' title="bbox 294 3394 1296 3495; baseline 0.001 -29"><span class='ocrx_word' id='word_1_163' title='bbox 294 3399 401 3469; x_wconf 70' lang='lat' dir='ltr'><strong>niter.</strong></span> <span class='ocrx_word' id='word_1_164' title='bbox 417 3400 532 3473; x_wconf 87' lang='lat' dir='ltr'><strong>Renis</strong></span> <span class='ocrx_word' id='word_1_165' title='bbox 546 3413 671 3469; x_wconf 83' lang='lat' dir='ltr'><strong>autem</strong></span> <span class='ocrx_word' id='word_1_166' title='bbox 683 3398 879 3494; x_wconf 84' lang='lat' dir='ltr'><strong>utriusque</strong></span> <span class='ocrx_word' id='word_1_167' title='bbox 897 3397 1016 3495; x_wconf 85' lang='lat' dir='ltr'><strong>pelvis</strong></span> <span class='ocrx_word' id='word_1_168' title='bbox 1031 3394 1201 3468; x_wconf 89' lang='lat' dir='ltr'><strong>calculos</strong></span> <span class='ocrx_word' id='word_1_169' title='bbox 1223 3419 1296 3494; x_wconf 86' lang='lat' dir='ltr'><strong>gra·</strong></span> 
     </span>
     <span class='ocr_line' id='line_1_27' title="bbox 297 3512 1297 3610; baseline -0.001 -27"><span class='ocrx_word' id='word_1_170' title='bbox 297 3538 427 3602; x_wconf 86' lang='lat' dir='ltr'><strong>nosos,</strong></span> <span class='ocrx_word' id='word_1_171' title='bbox 446 3530 483 3587; x_wconf 92' lang='lat' dir='ltr'><strong>et</strong></span> <span class='ocrx_word' id='word_1_172' title='bbox 500 3513 693 3587; x_wconf 77' lang='lat' dir='ltr'><strong>subflavos·</strong></span> <span class='ocrx_word' id='word_1_173' title='bbox 703 3514 929 3586; x_wconf 89' lang='lat' dir='ltr'><strong>continebat.</strong></span> <span class='ocrx_word' id='word_1_174' title='bbox 948 3518 1025 3584; x_wconf 89' lang='lat' dir='ltr'><strong>Nec</strong></span> <span class='ocrx_word' id='word_1_175' title='bbox 1039 3512 1150 3610; x_wconf 89' lang='lat' dir='ltr'><strong>plura</strong></span> <span class='ocrx_word' id='word_1_176' title='bbox 1162 3516 1200 3583; x_wconf 91' lang='lat' dir='ltr'><strong>in</strong></span> <span class='ocrx_word' id='word_1_177' title='bbox 1212 3539 1297 3584; x_wconf 84' lang='lat' dir='ltr'><strong>ven-</strong></span> 
     </span>
     <span class='ocr_line' id='line_1_28' title="bbox 299 3631 1296 3729; baseline 0 -29"><span class='ocrx_word' id='word_1_178' title='bbox 299 3647 356 3702; x_wconf 90' lang='lat' dir='ltr'><strong>tre</strong></span> <span class='ocrx_word' id='word_1_179' title='bbox 377 3632 647 3709; x_wconf 85' lang='lat' dir='ltr'><strong>adnotavimus.</strong></span> <span class='ocrx_word' id='word_1_180' title='bbox 672 3631 822 3702; x_wconf 72' lang='lat' dir='ltr'><strong>Thorax</strong></span> <span class='ocrx_word' id='word_1_181' title='bbox 840 3654 932 3703; x_wconf 86' lang='lat' dir='ltr'><strong>vero</strong></span> <span class='ocrx_word' id='word_1_182' title='bbox 954 3631 1116 3701; x_wconf 84' lang='lat' dir='ltr'><strong>maxima</strong></span> <span class='ocrx_word' id='word_1_183' title='bbox 1140 3654 1246 3729; x_wconf 76' lang='lat' dir='ltr'><strong>aquae</strong></span> <span class='ocrx_word' id='word_1_184' title='bbox 1265 3631 1296 3700; x_wconf 84' lang='lat' dir='ltr'><strong>vi</strong></span> 
     </span>
     <span class='ocr_line' id='line_1_29' title="bbox 299 3746 1296 3847; baseline -0.003 -26"><span class='ocrx_word' id='word_1_185' title='bbox 299 3750 478 3846; x_wconf 87' lang='lat' dir='ltr'><strong>utrinque</strong></span> <span class='ocrx_word' id='word_1_186' title='bbox 491 3748 625 3847; x_wconf 90' lang='lat' dir='ltr'><strong>plenus</strong></span> <span class='ocrx_word' id='word_1_187' title='bbox 643 3746 731 3836; x_wconf 78' lang='lat' dir='ltr'><strong>fuit3</strong></span> <span class='ocrx_word' id='word_1_188' title='bbox 744 3764 782 3820; x_wconf 88' lang='lat' dir='ltr'><strong>et</strong></span> <span class='ocrx_word' id='word_1_189' title='bbox 794 3750 834 3825; x_wconf 94' lang='lat' dir='ltr'><strong>in</strong></span> <span class='ocrx_word' id='word_1_190' title='bbox 851 3747 922 3818; x_wconf 89' lang='lat' dir='ltr'><strong>hac</strong></span> <span class='ocrx_word' id='word_1_191' title='bbox 935 3748 1137 3845; x_wconf 89' lang='lat' dir='ltr'><strong>pulmones</strong></span> <span class='ocrx_word' id='word_1_192' title='bbox 1149 3773 1195 3818; x_wconf 88' lang='lat' dir='ltr'><strong>ex</strong></span> <span class='ocrx_word' id='word_1_193' title='bbox 1209 3772 1296 3845; x_wconf 87' lang='lat' dir='ltr'><strong>pur·</strong></span> 
     </span>
     <span class='ocr_line' id='line_1_30' title="bbox 299 3864 1295 3964; baseline 0 -30"><span class='ocrx_word' id='word_1_194' title='bbox 299 3888 417 3962; x_wconf 91' lang='lat' dir='ltr'><strong>pureo</strong></span> <span class='ocrx_word' id='word_1_195' title='bbox 436 3866 711 3964; x_wconf 79' lang='lat' dir='ltr'><strong>nigrescentes,</strong></span> <span class='ocrx_word' id='word_1_196' title='bbox 739 3889 928 3964; x_wconf 83' lang='lat' dir='ltr'><strong>nusquam</strong></span> <span class='ocrx_word' id='word_1_197' title='bbox 952 3878 1079 3935; x_wconf 87' lang='lat' dir='ltr'><strong>tamen</strong></span> <span class='ocrx_word' id='word_1_198' title='bbox 1099 3864 1207 3955; x_wconf 87' lang='lat' dir='ltr'><strong>duri,</strong></span> <span class='ocrx_word' id='word_1_199' title='bbox 1237 3879 1295 3935; x_wconf 89' lang='lat' dir='ltr'><strong>aut</strong></span> 
     </span>
     <span class='ocr_line' id='line_1_31' title="bbox 300 3980 1290 4080; baseline 0.002 -31"><span class='ocrx_word' id='word_1_200' title='bbox 300 3982 524 4071; x_wconf 88' lang='lat' dir='ltr'><strong>cicatricosi,</strong></span> <span class='ocrx_word' id='word_1_201' title='bbox 552 3996 589 4053; x_wconf 92' lang='lat' dir='ltr'><strong>et</strong></span> <span class='ocrx_word' id='word_1_202' title='bbox 613 3983 673 4053; x_wconf 85' lang='lat' dir='ltr'><strong>vix</strong></span> <span class='ocrx_word' id='word_1_203' title='bbox 694 3997 799 4080; x_wconf 86' lang='lat' dir='ltr'><strong>parte</strong></span> <span class='ocrx_word' id='word_1_204' title='bbox 815 3981 958 4078; x_wconf 90' lang='lat' dir='ltr'><strong>aliqua,</strong></span> <span class='ocrx_word' id='word_1_205' title='bbox 984 4006 1106 4079; x_wconf 90' lang='lat' dir='ltr'><strong>eaque</strong></span> <span class='ocrx_word' id='word_1_206' title='bbox 1130 3980 1290 4066; x_wconf 85' lang='lat' dir='ltr'><strong>modica,</strong></span> 
     </span>
    </p>
   </div>
   <div class='ocr_carea' id='block_1_5' title="bbox 0 0 1403 4660">
    <p class='ocr_par' dir='ltr' id='par_1_5' title="bbox 0 0 1403 4660">
     <span class='ocr_line' id='line_1_32' title="bbox 0 0 1403 4660; baseline 0 0"><span class='ocrx_word' id='word_1_207' title='bbox 0 0 1403 4660; x_wconf 95' lang='lat' dir='ltr'><strong> </strong></span> 
     </span>
    </p>
   </div>
  </div>
 </body>
</html>
