2780 4666
326 454 396 545 348
487 480 533 525 na
560 475 703 527 sumans
728 478 772 524 rr
797 478 919 527 causts
944 479 1154 528 uoaaouuu

302 612 305 618 '
325 591 539 681 ventriculis
555 589 644 679 fuit,
666 614 829 687 quorum
846 607 971 663 tamen
993 617 1078 664 vasa
1099 618 1181 663 non
1210 594 1320 690 palle-

324 708 427 781 bant.
442 708 543 798 Quin
558 709 665 806 plura
673 707 838 779 videram
857 734 925 806 per
935 723 1090 781 tenuem
1106 711 1320 807 meningem

321 849 428 912 vasa,
452 825 580 921 nigro,
599 839 853 921 concretoque
871 826 1053 922 sanguine
1070 826 1267 922 pleniora:
1282 827 1319 894 in

324 943 408 1013 sinu
429 955 553 1011 autem
572 938 675 1011 falcis
695 940 918 1038 polyposam
939 944 1230 1013 concretionem
1249 943 1319 1013 exi-

324 1058 417 1146 lem,
439 1073 476 1128 et
492 1056 653 1154 longam.
672 1062 854 1128 Caeterum
872 1059 940 1130 etsi
957 1060 1150 1146 cranium,
1168 1074 1209 1130 et
1225 1083 1319 1130 cere·

322 1173 434 1246 brum
458 1173 532 1245 hoc
553 1176 682 1247 nescio
706 1175 799 1271 quid
821 1175 957 1273 ingrati
982 1175 1156 1263 olebant3
1177 1175 1319 1246 cerebri

323 1306 360 1363 et
383 1291 560 1363 cerebelli
580 1291 826 1362 substantiam
844 1293 1057 1363 invenimus
1081 1316 1237 1381 sanam3
1253 1292 1318 1361 nisi

323 1407 428 1506 quod
443 1409 483 1478 in
501 1408 567 1479 illo
582 1433 661 1483 non
678 1408 792 1494 adeo,
805 1409 844 1479 iu
859 1407 934 1480 hoc
950 1433 1041 1480 vcro
1061 1408 1230 1479 multum
1244 1408 1317 1479 laxa

322 1540 411 1597 crat.

375 1668 429 1713 10.
448 1643 517 1715 Vel
531 1643 571 1713 in
591 1666 678 1713 sene
693 1641 732 1715 id
745 1644 878 1730 artatis,
890 1657 932 1712 ut
952 1643 1089 1740 passim
1106 1666 1248 1739 magna
1266 1666 1317 1711 ar·

320 1759 413 1830 teria
427 1783 531 1830 ossea
546 1755 671 1845 fieret,
688 1760 728 1828 in
746 1758 879 1829 delirio
896 1773 1020 1829 autem
1039 1772 1227 1856 perpetuo
1247 1758 1318 1854 qui·

322 1874 429 1962 dem,
443 1874 509 1945 sed
519 1876 673 1946 minime
684 1871 818 1963 feroci,
832 1875 937 1945 vides
949 1888 1096 1977 tamen,
1113 1898 1205 1944 cum
1215 1897 1317 1970 aqua,

319 2013 494 2061 vasorum
519 1990 782 2060 distentionem
805 1992 845 2059 in
869 1992 1045 2088 meninge
1069 1991 1179 2061 tenui
1197 1988 1315 2060 fuisse.

319 2110 400 2176 Jam
415 2131 505 2177 vero
519 2106 566 2177 ab
584 2106 679 2194 hoc,
704 2105 805 2197 unde
824 2109 998 2179 consulto
1021 2108 1260 2205 incepimuS,
1275 2104 1317 2177 ad

320 2246 447 2294 senem
460 2210 637 2311 alterum,
652 2223 717 2295 sed
730 2248 811 2293 non
827 2225 877 2294 ita
894 2224 1074 2323 grandem
1093 2239 1206 2313 natu,
1223 2240 1261 2295 et
1275 2222 1318 2293 ad

320 2338 494 2410 delirium
520 2341 644 2410 minus
674 2342 844 2435 quietum
878 2355 1130 2429 transeamus,
1167 2341 1319 2439 quando

319 2471 448 2529 caetera
459 2456 588 2553 quaein
601 2457 738 2554 prioris
752 2480 913 2554 corpore
924 2458 1077 2553 inventa
1088 2473 1198 2545 sunt,
1212 2458 1319 2529 habe·

317 2574 442 2645 bimus
458 2574 546 2644 alias
565 2573 862 2644 commodiorem
880 2573 1099 2646 attendendi
1113 2575 1254 2645 locum.

347 2704 350 2709 ’
371 2716 423 2760 11.
441 2690 614 2787 Figulus,
640 2713 761 2761 annos
776 2704 887 2761 natus
906 2691 1164 2789 septuaginta,
1188 2707 1318 2762 natura

317 2807 462 2895 hilaris,
483 2821 596 2905 potor
611 2820 818 2895 strenuus,
835 2822 921 2905 post
934 2808 1051 2879 animi
1072 2832 1200 2896 curas,
1216 2808 1317 2879 labo·

315 2948 473 3021 remque
490 2926 530 2993 in
545 2937 623 2993 arte
640 2947 705 2994 sua
721 2925 925 3019 majorem,
948 2950 1064 3022 quam
1085 2925 1248 3013 soleret,
1262 2949 1316 2996 ea-

316 3034 392 3139 que
403 3055 507 3112 aetate
522 3037 618 3112 ferre
633 3055 780 3138 posset,
797 3041 908 3112 simul
916 3042 956 3112 iu
966 3039 1111 3113 febrem
1118 3040 1272 3130 incidit,
1285 3054 1317 3111 et

317 3157 488 3229 dolorem
506 3158 645 3229 sinistri
660 3158 786 3229 lateris
804 3156 1077 3230 vehementem.
1100 3159 1228 3247 Quare
1251 3160 1316 3228 cir·
1377 3224 1378 3229 ,

318 3276 410 3345 citer
430 3298 550 3346 nonas
573 3273 731 3372 apriles,
749 3299 850 3345 anno
876 3275 1010 3346 eodem
1038 3274 1154 3371 1706,
1178 3288 1263 3345 tum
1280 3275 1314 3344 in

317 3390 417 3462 idem
431 3395 693 3463 nosocomium
709 3392 831 3462 statim
848 3406 1024 3489 exceptus
1038 3406 1114 3479 est,
1137 3406 1223 3462 tum
1237 3414 1315 3464 san·

319 3509 400 3605 guis
424 3509 544 3578 statim
574 3507 620 3578 de
644 3498 794 3580 sinistro
823 3507 951 3580 cubito
976 3509 1143 3580 emissus.
1175 3510 1313 3598 Quarto

319 3624 378 3695 die
399 3623 512 3696 febris
538 3649 575 3696 se
603 3625 711 3696 valde
736 3625 908 3696 intendit.
933 3628 1043 3696 Sexto
1071 3639 1198 3696 autem
1229 3624 1314 3695 deli·

318 3742 416 3811 rium
440 3744 592 3813 accessit
608 3730 773 3830 tantum,
796 3757 838 3813 ut
858 3742 1001 3813 vincire
1016 3764 1172 3812 necesse
1189 3739 1312 3824 fuerit,

319 3885 366 3929 ne
379 3857 476 3930 lecto
487 3858 660 3931 desiliret.
671 3860 803 3931 Pulsus
818 3873 897 3931 erat
906 3857 1104 3955 frequens,
1116 3858 1182 3929 sed
1196 3881 1312 3954 aequa·
1374 3900 1375 3919 i

317 3976 385 4047 lis:
406 3979 600 4075 respiratio
624 3974 811 4051 difficilis:
832 3977 937 4051 nulla
954 3977 1221 4085 expectoratio.
1246 3979 1310 4044 Ita·
