2774 4666
210 412 279 460 nr.
307 408 333 458 1:
359 412 407 458 nn
432 392 568 457 uotiuis
594 407 751 472 currus,
777 409 888 457 nrisr.
917 412 964 457 1v.
1019 415 1090 486 209

81 549 239 623 possum
264 526 358 624 quin
380 523 573 621 paulisper
595 537 721 594 tecum
743 523 858 594 mirer
876 524 1090 622 inexpecta-

82 658 158 713 tam
181 658 270 741 post
300 655 442 712 tantam
466 638 594 710 morbi
621 641 900 728 remissionem,
923 643 1091 721 mulieris

83 775 261 833 mortem.
279 763 481 856 Namque,
508 773 551 828 ut
578 757 685 829 illurn
711 755 828 829 fatear
859 784 938 830 non
965 765 1093 859 magni

83 876 222 964 m0d0,
235 890 349 973 atque
365 875 482 963 acuti,
498 873 563 945 sed
576 874 730 974 maligni
739 877 851 949 etiam
863 930 873 964 ,
887 892 930 948 ut
938 895 1093 969 vocant,

84 1017 165 1062 non
186 991 367 1064 obscuras
381 1006 490 1085 notas
506 991 700 1080 babuisse,
717 1017 803 1063 cum
823 1017 865 1062 ea
882 1007 1007 1066 tamen
1019 1021 1095 1067 ma.

83 1109 255 1206 lignitate
270 1134 349 1179 non
364 1108 472 1181 valde
490 1108 693 1180 convenire
713 1107 891 1181 videntur
905 1112 1003 1184 vires
1022 1114 1092 1185 illae
1181 1126 1187 1131 '

88 1227 228 1322 quaein
250 1222 387 1297 femina
401 1226 478 1320 jam
495 1227 609 1295 morti
626 1225 796 1321 proxima
814 1226 1094 1300 describuntur.

88 1346 265 1414 Attamen
294 1344 323 1414 si
351 1344 496 1431 omnia,
527 1357 570 1414 ut
601 1365 670 1440 par
698 1357 771 1432 est,
799 1345 1096 1443 perpendamus,

90 1474 199 1532 erant
222 1458 296 1531 alia
327 1485 411 1557 quae
438 1485 533 1558 aegre
565 1458 775 1546 medicum,
806 1462 1040 1558 quicumque
1065 1467 1097 1536 is

91 1574 225 1665 fuerit,
249 1577 518 1664 admonerent,
549 1601 598 1647 ne
627 1578 838 1647 remissioni
863 1579 923 1649 isti
946 1577 1099 1670 fideret,

92 1696 169 1795 imo
195 1710 330 1766 contra
351 1708 394 1765 ut
416 1693 595 1764 morbum
613 1707 718 1764 tanto
746 1695 863 1792 magis
880 1711 1097 1793 suspectum

93 1812 262 1885 baberet.
282 1812 417 1883 Melior
435 1807 530 1883 facta
548 1825 626 1882 erat
644 1804 790 1882 mulier.
809 1811 882 1882 Sed
904 1814 1007 1909 quid
1019 1831 1099 1888 erat

94 1930 154 2000 illa
169 1929 282 2002 solito
293 1927 415 2023 major
427 1929 531 1999 sitis?
546 1924 808 2025 quidinlacie,
828 1952 976 2026 semper
987 1933 1099 2005 nobis
1187 2000 1190 2008 .

94 2044 340 2133 attendenda,
365 2044 509 2142 aliquid
534 2044 747 2116 cadaverosi
766 2045 781 2113 l
800 2045 892 2142 quid
916 2046 1099 2146 denique,

94 2180 129 2236 et
146 2163 291 2262 quibus
306 2162 605 2260 praecedentibus
623 2159 750 2235 faustis
760 2162 922 2252 indiciis,
936 2191 981 2236 ex
995 2152 1099 2265 mgrae
1131 2220 1136 2225 -
1197 2247 1199 2253 ¹

96 2305 260 2379 corpore
277 2304 402 2378 nuper
417 2282 576 2370 exierat,
590 2295 632 2352 ut
645 2295 749 2351 tanta
760 2281 829 2351 ista
847 2284 1003 2353 mutatio
1019 2309 1100 2355 non
1117 2311 1120 2325 ·

95 2415 232 2498 praeter
259 2399 444 2470 rationem
463 2398 680 2470 videretur?
699 2399 886 2471 Nimirum
907 2423 1025 2496 prava·
1039 2401 1102 2476 illa

97 2518 254 2590 materia
265 2541 347 2614 quae
361 2530 469 2587 antea
486 2514 549 2585 hic
566 2515 657 2603 illic,
672 2514 873 2604 irritando,
889 2515 1019 2588 turbas
1034 2517 1101 2589 de-

97 2632 224 2721 derat,
247 2658 363 2705 unam
382 2634 422 2703 in
440 2633 568 2705 sedem
586 2634 774 2730 corporis,
803 2657 962 2729 eamque
988 2659 1102 2730 praes-

98 2752 365 2836 tentissimam,
381 2748 606 2849 cogebatur,
624 2747 833 2844 cerebrum.
851 2752 937 2820 Non
947 2749 1010 2820 illa
1020 2748 1101 2824 fue-

97 2883 154 2939 rat
184 2891 255 2965 per
281 2868 459 2938 corticem
484 2866 753 2962 peruvianum,
779 2866 845 2960 qui
869 2865 1034 2937 necdum
1059 2893 1103 2939 ea

97 2998 321 3082 tempestate
337 2982 515 3055 adversus
528 2979 717 3084 ejusmodi
737 2978 859 3052 febres
875 2983 915 3052 in
930 3007 1002 3054 usu
1010 2998 1101 3074 erat,

100 3116 319 3201 opportune
342 3114 534 3184 correcta,
558 3113 623 3169 aut
648 3095 914 3169 sufflaminata:
940 3101 1048 3195 cujus
1064 3103 1102 3173 vi

100 3221 254 3292 corticis
271 3217 454 3315 quosdam
472 3219 579 3313 quasi
597 3216 850 3314 apoplecticos
869 3242 914 3288 ex
937 3220 1102 3318 maligna

5 3360 7 3381 ·
99 3333 206 3409 febre
219 3336 399 3424 insultus,
415 3360 459 3408 ea
470 3360 539 3434 per
554 3335 732 3405 circuitus
746 3333 949 3423 redeunte,
967 3338 1103 3434 procul

99 3453 239 3541 dubio,
255 3470 297 3525 ut
317 3455 356 3524 in
371 3454 451 3525 aliis
469 3454 535 3549 qui
550 3451 639 3523 inde
654 3453 868 3549 perierunt,
892 3452 1102 3543 redituros,

76 3586 170 3643 'nos
194 3570 352 3644 feliciter
380 3586 466 3644 ante
493 3570 732 3681 pccupavisse
757 3569 998 3641 meminimus
1015 3595 1103 3646 cum

101 3690 139 3759 in
156 3689 393 3762 nobilissimo
408 3690 544 3777 comite
554 3692 604 3767 Μ.
615 3690 781 3758 Antonio
797 3692 954 3776 Trento,
971 3702 1052 3758 tum
1061 3690 1101 3758 in

99 3807 130 3875 S.
137 3809 213 3877 R.E
231 3805 796 3880 CardiualiEminentissimolo.
808 3790 1101 3877 FranciscoBar-

177 3949 230 4034 ι..
891 3938 949 4020 ra
1006 4015 1010 4019 .
