2798 4668
330 425 401 515 544
495 451 541 497 nr
568 446 784 498 sumansur
811 451 935 499 crusis
960 432 1169 501 uonnonn'rr

327 562 449 633 lluxus
468 561 515 633 ad
537 578 697 634 mortem
718 588 839 660 usque
857 564 1090 662 perduravit;
1114 566 1318 663 insequenti

327 693 453 750 tamen
471 695 601 769 noete,
624 680 731 751 nullo
757 681 831 751 alio
851 683 981 779 capitis
1006 685 1145 780 praevio
1160 697 1319 779 sympto-

327 813 443 884 mate,
461 822 505 868 ex
521 798 725 895 improviso
742 798 946 894 corripitur
956 798 1183 895 bemiplexia
1194 815 1263 886 ,ut
1273 815 1319 868 to·

327 930 405 987 tam
431 914 602 1011 corporis
625 928 769 1012 partein
796 914 986 1001 dexteram
1009 916 1247 987 immobilem
1267 917 1319 987 ha·

327 1030 423 1102 beat.
445 1034 490 1101 At
504 1056 628 1129 primo
648 1031 802 1128 quidem
820 1030 880 1103 die
897 1055 918 1103 a
935 1057 1037 1102 venae
1055 1034 1236 1104 sectionis
1250 1056 1320 1103 seu·

329 1173 392 1235 sn,
411 1163 448 1219 et
468 1147 514 1219 ab
539 1148 781 1220 irritamentis
799 1148 1012 1245 plantarum
1030 1149 1174 1246 pedum
1194 1149 1321 1220 nonni·

329 1264 383 1336 hil
404 1280 441 1339 et
468 1289 620 1336 inanum
646 1281 683 1336 et
706 1265 841 1363 pedem
864 1290 1016 1338 movere
1033 1260 1181 1364 potuit}
1203 1267 1323 1365 postri-

329 1382 390 1453 die
407 1397 532 1454 tamen
549 1381 645 1471 nihil
662 1383 820 1453 omnino
834 1385 967 1481 potuit.
986 1383 1097 1473 Quod
1119 1384 1168 1454 ad
1189 1386 1323 1480 reliqua

331 1502 480 1588 attinet3
507 1498 637 1571 dexter
655 1499 788 1571 oculus
815 1514 894 1570 erat
917 1501 1208 1589 semiocclusus,
1232 1501 1323 1571 mala

330 1617 536 1705 rubebant,
560 1617 621 1686 vir
642 1616 885 1713 loquebatur,
908 1631 945 1688 et
968 1617 1128 1712 loquens
1152 1618 1325 1689 balbutie

331 1735 415 1823 bat,
431 1733 588 1805 nutibus
612 1747 738 1804 tamen
760 1736 812 1804 sic
831 1732 1153 1830 interrogantibus
1178 1760 1326 1832 respon·

332 1852 461 1939 debat,
472 1848 520 1924 'ut
536 1874 664 1922 sensus
676 1851 987 1947 internos-vigere
1004 1850 1249 1947 intelligeres.
1272 1855 1326 1920 Fa-

333 1970 412 2042 cilis
435 1969 543 2039 initio
560 1982 639 2039 erat
663 1967 858 2063 respiratio
881 1994 889 2035 :
913 1965 979 2039 sed
1002 1963 1166 2037 difficilis
1193 1967 1326 2038 reddita

333 2101 387 2160 est
400 2109 478 2156 uno
500 2100 564 2155 aut
584 2085 809 2156 alternante
825 2097 985 2154 mortem
1009 2082 1088 2171 die,
1106 2109 1195 2181 quae
1219 2085 1327 2155 eonti-

333 2203 386 2302 git
398 2204 551 2273 ineunte
568 2202 628 2273 die
645 2216 791 2298 quarto.

382 2324 480 2391 Dum
492 2345 512 2392 e
524 2321 652 2391 uranio
670 2319 867 2391 cerebrum
876 2323 1060 2408 eximitur,
1077 2336 1114 2392 et
1129 2323 1327 2419 praesertim

250 2495 253 2499 .
335 2438 426 2510 dum
436 2436 933 2535 infundibulumaglandula
943 2439 1132 2536 pituitaria
1142 2439 1326 2525 dividitur,

335 2555 533 2654 limpidum
556 2580 696 2641 serum,
720 2570 758 2626 et
784 2553 923 2626 fluidus
941 2560 1091 2652 sanguis
1111 2558 1328 2654 erumpitl

336 2674 493 2747 sinistris
505 2672 552 2742 ad
563 2672 676 2744 latera
689 2670 986 2791 sanguilerorum
998 2675 1225 2770 meningum
1236 2696 1326 2744 vaso·

334 2817 442 2880 rum,
458 2791 654 2890 paululum
668 2792 830 2861 materiae
842 2790 1143 2862 animadversum
1161 2809 1221 2863 est
1237 2788 1327 2887 gelo·

336 2915 453 2980 tinam
468 2905 673 2979 referentis.
686 2912 716 2978 A
734 2909 889 2979 sinistris
905 2911 1044 3006 pariter
1058 2907 1130 2980 sub
1141 2911 1251 2980 tenui
1263 2931 1325 2977 me

334 3028 461 3124 ninge,
476 3028 555 3124 ipsa
565 3023 710 3095 cerebri
724 3023 927 3096 substantia
939 3023 1088 3097 duobus
1100 3027 1140 3095 in
1155 3026 1251 3097 locis
1261 3036 1325 3096 erat

334 3139 510 3213 nonnihil
521 3167 637 3231 erosa,
649 3143 688 3215 id
706 3142 810 3239 quod
822 3144 862 3214 in
879 3143 1046 3239 ejusdem
1062 3144 1191 3213 lateris
1202 3140 1325 3214 ventri·

318 3259 423 3331 'culo
449 3256 680 3331 manifestius
703 3257 781 3330 fuit.
808 3263 902 3331 Nam
928 3261 1097 3332 striatur'n
1123 3285 1265 3358 corpus
1285 3255 1324 3327 ob

336 3377 566 3465 erosio'nem,
590 3375 637 3446 ab
663 3399 747 3447 sero
771 3375 875 3473 quod
899 3377 939 3447 in
955 3375 1176 3447 ventriculis
1191 3392 1325 3473 stagna·

336 3492 421 3580 bat,
438 3489 591 3565 fortasse
610 3490 763 3581 factam,
780 3492 827 3563 ab
842 3492 988 3590 reliquo
1002 3491 1163 3563 cerebro
1179 3492 1324 3562 omnino

336 3625 546 3708 separatum
566 3612 761 3682 inventum
779 3625 861 3682 ests

307 3756 313 3775 ¹
385 3727 418 3798 3.
445 3725 700 3826 Quacumque
716 3729 869 3799 demum
889 3751 998 3801 causa
1021 3725 1136 3799 fuerit
1161 3729 1264 3798 istius
1279 3748 1324 3796 se

335 3846 728 3943 parationiscorporis
750 3848 884 3933 striati;
909 3869 1020 3942 quam
1042 3869 1137 3942 saepe
1158 3845 1271 3917 soleat
1284 3838 1321 3910 ab
1383 3902 1384 3907 ,

336 3985 467 4034 eorum
487 3963 723 4053 alterutrius,
741 3978 804 4034 aut
825 3964 905 4060 ejus
923 3962 1066 4033 viciniae
1089 3963 1237 4035 laesione
1254 3953 1324 4029 fieri
