2782 4668
178 481 245 527 ms.
272 481 296 526 1.
324 481 371 527 us
397 478 716 545 nonsummum,
741 480 852 529 umus.
878 480 958 529 vm.
1010 458 1082 546 443

90 590 277 690 plerasque
294 592 383 665 nlius
398 619 481 691 quse
489 609 618 693 postes
626 594 802 693 prodiere
816 621 823 664 τ
842 610 879 667 at
895 597 925 668 si
938 611 1081 694 spectes

90 711 294 798 universum
310 712 452 783 nullam
468 727 607 784 certam
617 766 627 799 ,
638 735 752 784 unam
762 736 839 792 esse
851 713 1083 784 verisimilio-

90 850 178 915 rem,
187 827 720 927 intelligasProepatiquidem
729 852 812 901 eum
814 846 967 929 partem
973 850 1080 927 ,quoe

87 947 333 1036 mursuflium
348 962 510 1036 vexata,
529 972 577 1018 ex
594 952 712 1044 euque
729 949 768 1018 in
794 948 882 1018 alias
904 946 1079 1018 morbum

86 1061 272 1158 pmgoedi,
291 1086 404 1134 nemo
426 1079 556 1161 neget,
586 1080 628 1135 ut
645 1066 768 1138 Cetius
784 1067 854 1137 ait:
878 1077 915 1138 et
932 1090 977 1137 ex
1002 1089 1078 1161 quo

87 1176 197 1251 sutus
215 1179 269 1276 (ι)
295 1173 566 1254 illud'evidens
582 1182 783 1279 aliquando
809 1183 889 1279 ejus
906 1202 1079 1281 progres-

87 1294 195 1368 sionis
208 1296 348 1370 diutius
368 1298 489 1370 dilutae
516 1304 665 1398 signnm
694 1296 891 1389 indicavit,
920 1324 968 1372 ne
998 1313 1079 1370 tum

89 1412 234 1508 quidem
253 1415 342 1488 inde
361 1417 558 1516 progredi,
579 1419 711 1490 saltem
733 1433 917 1515 exparte,
939 1440 1078 1515 negan-
1193 1497 1202 1526 Ι

90 1528 174 1602 dum
195 1547 260 1606 est.
288 1538 340 1605 Ex
359 1533 502 1606 doletis
518 1550 642 1612 autem
665 1554 811 1607 sursum
838 1554 967 1606 versus
992 1559 1079 1631 pro·

89 1650 290 1743 gressinne,
305 1676 351 1722 ex
360 1653 482 1749 iisque
499 1654 642 1749 inques
660 1652 777 1724 Salius
796 1650 894 1722 hane
909 1651 1079 1722 desinere

89 1766 363 1856 animadvertit,
380 1767 600 1842 confusione
618 1772 723 1868 quasi
747 1769 908 1867 quadam
926 1770 1081 1856 mentis,

89 1895 123 1954 et
135 1886 335 1983 vertigine,
351 1902 388 1959 et
408 1887 650 1975 titubatione,
669 1912 748 1959 nou
775 1911 843 1985 per
865 1910 997 1971 venas,
1017 1885 1082 1956 sed

89 2022 151 2095 per
167 2027 304 2075 nervos
321 2003 360 2075 id
377 2004 480 2077 virus
503 2004 681 2102 progredi
707 2003 856 2075 videtur
880 2002 927 2073 ud
944 2001 1081 2072 horum

89 2117 256 2216 odgines
276 2121 424 2211 Quibus
441 2122 681 2219 inpartibus,
701 2123 817 2192 autin
833 2120 1000 2225 motibus
1014 2120 1081 2216 qui
1126 2152 1130 2159 ·

91 2234 127 2303 iu
142 2237 184 2308 iis
195 2236 312 2327 fiunt,
334 2255 434 2311 certa
442 2239 623 2336 quadam,
643 2240 706 2311 sed
723 2226 977 2336 inexplicabili
998 2256 1081 2307 mu·

92 2354 223 2426 tutione
235 2354 388 2427 inducta
402 2372 580 2455 ,quopro
591 2358 662 2428 ulia
674 2358 713 2426 iu
727 2356 807 2428 aliis
821 2353 1084 2453 dispositione,

90 2472 220 2567 major,
237 2489 303 2544 aut
322 2475 467 2562 minor,
488 2475 696 2573 magisque,
719 2488 783 2543 aut
805 2473 930 2542 minus
949 2469 1083 2543 diffusa
1162 2535 1164 2539 ,

88 2586 148 2676 sit,
166 2590 262 2660 nihil
269 2591 346 2686 jum
363 2590 625 2689 hydrophobis
641 2589 784 2661 accidet
796 2588 900 2684 quud
915 2587 1002 2658 inde
1014 2612 1082 2686 po·

89 2705 266 2778 tissimum
291 2725 370 2779 non
394 2708 502 2780 liceat
520 2707 715 2779 deducere.
736 2705 948 2797 Quosdam,
979 2718 1021 2775 ut
1042 2706 1081 2775 in

89 2826 291 2921 congenitis
309 2825 524 2925 antipathiis
549 2824 640 2896 alins
656 2823 746 2911 alia,
766 2822 831 2895 sed
855 2822 926 2893 hos
947 2825 1083 2920 magis,

88 2938 166 3012 illos
181 2944 307 3014 minus
331 2945 491 3015 aversuri
508 2924 695 3028 videmus,
721 2941 961 3037 aquaescapiet
979 2960 1083 3011 uver-

89 3058 175 3128 satio
190 3074 310 3149 tanta,
329 3075 371 3131 ut
391 3061 471 3156 ejus
485 3060 543 3131 vel
558 3080 714 3146 nomen,
731 3041 810 3128 non
828 3056 1083 3155 mudnaspee-
1161 3106 1164 3129 .

88 3186 179 3263 ¹nun,
188 3177 235 3248 de
245 3179 450 3277 improviso
461 3177 617 3248 horrere
630 3176 832 3273 incipiant3
847 3173 908 3244 alii
920 3196 999 3244 non
1011 3177 1083 3247 nisi

91 3295 253 3385 periculo
272 3294 388 3385 fanto,
416 3311 452 3367 et
480 3297 561 3392 ejus
587 3292 841 3390 ,deglutiendis
866 3289 1082 3365 difficultate

91 3424 277 3510 perceptu,
293 3413 395 3485 illam
415 3413 546 3485 bibere
566 3436 604 3484 se
621 3434 747 3511 posse,
765 3409 967 3509 negabunt.
984 3411 1084 3480 Deli-

91 3523 222 3601 mbuut
235 3531 318 3620 alii-3
333 3530 486 3628 quidam
507 3532 660 3628 sapient.
677 3533 754 3600 Hos
773 3527 1085 3601 inflammationes

92 3648 289 3746 corripient
307 3668 468 3748 magnae3
487 3650 577 3721 istos
592 3647 714 3721 nullm.
733 3646 805 3720 Sed
824 3660 867 3719 ut
886 3646 945 3718 his
969 3647 1009 3719 in
1026 3666 1085 3717 re-

126 4019 169 4098 (1)
191 4025 302 4098 Supra,
315 4045 345 4080 n.
359 4025 408 4081 31.
