2798 4668
316 444 386 534 5210
477 472 524 517 on
550 468 696 521 sumnus
720 470 765 517 rr
787 464 912 518 causis
938 469 1150 516 monacnum

317 585 348 655 si
361 582 645 653 convulsionem
663 604 776 680 quam
793 607 881 653 mox
897 580 954 679 (ι)
971 583 1225 680 Hippocrates
1243 594 1324 650 ma*

316 698 391 769 lam
411 699 654 797 pronunciat,
674 700 797 773 nimiae
824 701 900 771 sive
923 698 1228 795 haemorrhagiae,
1246 699 1321 827 pire

312 817 527 914 purgationi
540 818 879 914 supervenientem,
890 816 1082 887 interdum
1092 815 1229 886 saltem
1244 836 1322 884 mo·

313 934 383 1030 piae
403 933 645 1031 adscripseris
663 934 872 1031 sanguinis,
897 947 934 1004 et
955 935 1163 1031 spirituum
1190 945 1320 1019 tant-a,

314 1064 357 1121 ut
385 1060 471 1122 cu'm
491 1052 530 1121 in
553 1075 684 1123 omues
704 1075 810 1147 aeque
832 1050 1023 1122 musculos
1047 1048 1211 1119 influere
1241 1073 1318 1118 non

315 1169 478 1265 possint,
494 1167 632 1238 horum
646 1168 701 1238 illi
716 1167 850 1239 cedant
864 1169 902 1238 in
915 1192 1011 1265 quos
1024 1169 1172 1253 minus,
1191 1165 1250 1235 illi
1263 1190 1322 1235 au·

315 1298 392 1356 tem
410 1301 589 1382 superent
605 1286 644 1355 in
661 1311 756 1382 quos
772 1285 857 1383 plus
873 1283 1048 1371 infertur,
1064 1283 1170 1382 quod
1190 1284 1221 1355 si
1240 1308 1321 1381 per·

316 1402 438 1490 sistat,
455 1402 738 1474 convulsionem
755 1409 918 1475 tonicam
927 1416 1171 1500 representat
1183 1428 1194 1469 ι
1208 1399 1276 1471 sed
1292 1400 1320 1472 si

316 1512 387 1588 illae
394 1520 509 1608 vices,
521 1522 616 1590 sicut
626 1521 666 1589 in
677 1544 719 1590 ea
735 1544 879 1590 summa
889 1518 1017 1590 reruni
1032 1518 1319 1618 perturbatione

315 1633 421 1706 facile
436 1650 507 1724 est,
521 1662 610 1708 mox
627 1637 749 1726 aliter,
767 1652 878 1734 atque
892 1639 998 1708 aliter
1015 1651 1318 1720 commutentur;
1389 1676 1390 1681 κ

315 1752 504 1825 subsultus
514 1755 706 1842 nimirum,
719 1770 755 1825 et
768 1753 949 1825 chlonicoe
960 1753 1222 1825 convulsionis
1233 1754 1320 1821 ima·

314 1895 363 1967 go
382 1872 512 1943 existit.
527 1874 657 1970 Neque
675 1873 774 1942 enim
794 1896 942 1958 revera,
964 1887 1000 1941 et
1018 1871 1176 1968 proprie
1196 1868 1252 1940 ibi
1268 1882 1320 1939 est

315 1988 527 2077 convulsio,
543 1987 609 2059 ubi
628 1988 789 2060 musculi
808 1987 858 2058 ob
878 1986 1152 2059 resolutionem
1170 2001 1319 2082 antago-

314 2104 494 2175 nistarum
506 2129 544 2175 se
560 2103 804 2192 contrahunt,
816 2096 1256 2200 contractique‘possunt
1269 2098 1319 2171 fa-

315 2219 400 2307 cile,
420 2240 455 2292 et
475 2223 554 2292 siue
575 2221 726 2308 dolore,
749 2221 909 2293 admotis
930 2220 1125 2309 manibus,
1155 2217 1316 2290 extendi.

314 2344 357 2409 In
375 2339 447 2412 hoc
462 2343 575 2438 igitur
595 2343 750 2414 homine
768 2344 798 2414 si
820 2343 1020 2439 imaginem
1041 2343 1171 2439 potius
1189 2364 1319 2438 quam-

315 2457 401 2528 dam
426 2460 733 2533 convulsivorum
762 2475 957 2546 motuum,
987 2484 1102 2555 quam
1123 2457 1200 2528 hos
1220 2459 1318 2554 ipsos

314 2573 426 2648 fuisse
454 2576 644 2666 volueris,
670 2578 720 2649 oh
747 2579 827 2672 ejus
848 2601 1033 2665 summam
1066 2575 1317 2661 debilitatem,

314 2716 393 2765 non
412 2695 653 2791 pertinaciter
671 2693 899 2792 refragabor.
1007 2783 1011 2790 t

365 2835 420 2880 21.
448 2815 564 2882 Veras
578 2826 721 2899 autem,
741 2825 778 2882 et
793 2811 946 2908 proprie
963 2808 1080 2880 dictas
1098 2809 1317 2880 convulsio-

314 2949 396 3013 ues,
406 2927 508 2997 nulla
518 2929 793 2999 interveniente
806 2927 965 3025 paralysi
974 2979 983 3013 ,
992 2941 1035 2996 ut
1049 2951 1095 2995 ex
1106 2948 1314 2996 nervorum

314 3045 528 3140 puncturis,
552 3060 589 3115 et
612 3043 911 3116 vellicationibus
934 3067 1021 3113 cum
1043 3044 1082 3112 in
1108 3041 1315 3113 vulneratis

315 3158 551 3247 homiuibus,
581 3178 660 3234 tum
681 3164 720 3233 in
743 3162 871 3234 bestiis
891 3160 1097 3258 praesertim
1118 3161 1315 3257 experien-

316 3277 356 3348 di
374 3303 507 3367 causa,
530 3280 701 3367 excitari,
727 3280 964 3350 notissimum
980 3291 1060 3363 est,
1084 3290 1199 3373 atque
1221 3277 1315 3346 inter

314 3419 446 3467 omnes
471 3396 744 3493 pervulgatum.
766 3394 879 3486 Quod
905 3409 943 3465 et
967 3392 1078 3463 dolor
1091 3390 1311 3478 confirmat,

317 3536 407 3583 cum
417 3518 542 3582 tonica
561 3505 805 3587 convulsione
821 3528 914 3583 tunc
928 3510 1115 3609 praecipue
1133 3500 1312 3606 cbnjunc·

313 3645 390 3717 tus,
408 3654 495 3702 cum
512 3629 702 3700 musculos
719 3643 947 3715 contractos,
965 3643 1008 3699 ut
1024 3628 1140 3726 paulo
1155 3641 1243 3698 ante
1257 3627 1309 3695 in·

352 3984 395 4060 (ι)
417 3986 494 4042 Sect.
511 3982 542 4056 5,
558 3984 636 4059 Aph.
651 3985 667 4041 3
685 3996 715 4041 et
726 3991 753 4051 4.
