2782 4668
312 452 382 525 362
477 476 523 523 nr
549 474 696 525 scurrus
720 476 765 523 rr
790 473 914 522 clusis
939 473 1150 521 nonroauu

312 588 456 686 aliquid
474 587 938 676 emendandum‚alterius
947 585 1167 658 addendum
1177 586 1310 669 inveni.

314 706 461 776 Certior
484 720 611 778 tamen
628 702 747 779 factus
772 729 875 792 sum,
905 702 1089 794 Blasium‚
1113 705 1185 801 qui
1209 719 1313 802 caput

315 825 482 920 aperuit,
497 849 584 896 nam
596 824 728 895 Laelius
744 848 823 897 non
839 824 959 921 attigit
971 823 1116 912 ‚tenuis
1132 821 1315 919 meningis
1382 852 1383 907 g

314 936 645 1015 inflammationem
656 965 786 1014 revera
798 966 877 1013 non
892 965 1118 1013 memorasse
1130 967 1141 1029 ;
1154 954 1204 1011 ut
1218 963 1314 1037 para·¹
1382 966 1383 973 ¹

312 1055 537 1154 phrenitidis
547 1059 760 1156 exemplum
769 1057 954 1131 habeasiu
965 1059 1045 1153 ejus
1053 1057 1312 1130 observatione

312 1173 560 1263 luculentius,
579 1202 694 1275 quarn
709 1179 748 1249 iu
764 1192 914 1265 nostra,
933 1178 973 1248 in
988 1202 1063 1275 qua
1073 1175 1311 1262 odelincurt

313 1316 392 1363 non
409 1295 594 1390 primum,
612 1310 649 1367 at
663 1311 764 1368 certe
779 1311 909 1394 postea
922 1293 1017 1367 adeo
1030 1292 1264 1365 inflammata
1276 1317 1312 1364 ea

310 1410 467 1481 meninx
483 1408 574 1500 fuit,
588 1427 630 1484 ut
644 1437 838 1511 nunquam
856 1413 974 1511 magis
986 1411 1122 1484 vidisse
1143 1412 1312 1483 momine

312 1527 590 1601 rimusllerum
601 1546 808 1629 utcumque
821 1529 1112 1618 barcsuntmum
1126 1529 1311 1601 crassioris

311 1668 467 1741 quoque
478 1649 664 1746 meningis
673 1646 1062 1735 inflammatione‚aut
1071 1661 1175 1718 certe
1185 1642 1311 1716 affectu
1382 1726 1384 1741 4

287 1788 290 1797 ’
311 1760 359 1831 ad
377 1761 711 1837 inflammationem
732 1765 934 1837 accedente
952 1764 1206 1860 conjunctum
1227 1761 1310 1834 deli-
1383 1750 1384 1805 l

312 1879 411 1950 rium
429 1882 680 1955 ostendamus.
1383 1860 1384 1883 Χ

364 1995 417 2069 15.
446 2000 583 2071 Mulier
599 2026 644 2072 ex
663 2003 743 2073 ictu
761 2002 891 2099 capitis
904 2001 982 2097 jam
1000 1999 1152 2099 pridem
1163 2001 1205 2069 in
1221 2003 1311 2069 Pata·

309 2114 399 2184 vino
413 2119 636 2189 nosocomio
658 2118 908 2207 decubuerat,
925 2134 962 2190 et
984 2114 1218 2203 satisfacta,
1246 2114 1311 2187 dis·
1383 2108 1384 2111 ¹

311 2247 481 2303 cesserat.
499 2236 680 2307 Posteain
696 2234 839 2307 febrem
849 2235 1002 2318 inciditt
1013 2234 1187 2306 deliravit
1197 2256 1210 2321 3
1221 2254 1309 2302 mor·

308 2361 455 2422 tuaest.
477 2353 605 2449 Capite
623 2353 908 2442 tantummodo,
937 2352 1007 2425 sub
1023 2350 1141 2422 linem
1157 2351 1310 2449 publicu

309 2480 519 2556 mammes,
536 2494 651 2566 quam
667 2496 769 2541 anno
782 2470 968 2543 habebam
986 2470 1090 2567 1736,
1107 2471 1148 2539 in
1161 2492 1309 2567 gymna-

309 2587 405 2656 sium
424 2587 549 2677 illato,
564 2588 763 2659 cerebrum
776 2613 797 2658 a
809 2610 870 2659 me
881 2613 947 2661 sua
963 2589 1002 2658 in
1013 2586 1101 2659 sede
1116 2586 1311 2685 diligenter
1384 2632 1385 2697 t

309 2719 527 2776 consectum
551 2721 616 2777 est.
634 2706 790 2799 Nullum
812 2702 977 2803 'usquam
999 2704 1192 2804 peculiare
1217 2704 1311 2774 illius
1384 2700 1385 2789 Τ

306 2820 404 2894 ictus
415 2823 608 2894 indicium.
621 2828 753 2896 Crasse
767 2825 923 2896 meninx
937 2820 1082 2895 sublata
1095 2824 1309 2895 interiorem
1384 2884 1385 2889 ,

308 2936 441 3010 faciem
458 2940 623 3013 ostendit
646 2941 790 3017 crebris
807 2942 992 3012 coccineis
1006 2938 1186 3028 maculis,
1209 2939 1307 3037 quasi

308 3058 422 3154 guttis
447 3059 639 3154 sanguinis
669 3058 893 3131 distinctam.
919 3058 1058 3129 Tenuis
1076 3072 1207 3128 autem
1230 3078 1307 3127 vata

307 3174 489 3271 sanguine
500 3175 668 3272 turgida:
689 3175 760 3246 s'ub
775 3198 893 3274 eaque
904 3173 1176 3246 alieubiserum
1189 3201 1199 3244 ι
1210 3172 1306 3272 quod

305 3292 659 3369 inventriculisnon
670 3291 798 3364 fuitln
807 3292 1309 3393 palernumchoroidumpoa

305 3408 445 3480 teriore
461 3425 565 3508 parte
583 3411 767 3482 vesiculae.
785 3416 879 3483 Ante
893 3411 1109 3511 glandulam
1124 3411 1303 3508 pinealem

307 3523 480 3599 subflavae
503 3528 666 3597 materiae
684 3528 903 3625 pauxillum.
933 3534 1073 3601 catera
1101 3552 1207 3625 sana3
1239 3527 1303 3598 nisi

304 3643 409 3743 quod
429 3644 657 3717 cerebellum
673 3643 744 3719 fuit
762 3648 1002 3719 laxissimum.
1022 3646 1138 3717 Nullo
1162 3648 1203 3716 in
1226 3668 1302 3716 vase

305 3761 513 3860 quidquam
532 3762 723 3860 polyposae
744 3764 999 3863 concretionis
1016 3762 1259 3862 deprehendi.

358 3880 411 3952 16.
452 3885 496 3949 In
522 3878 697 3977 gravibus
719 3881 878 3969 delirus,
904 3905 1035 3954 crassae
1060 3907 1214 3979 quoque
1238 3904 1324 3971 me,

304 4000 429 4094 ningis
441 4022 520 4067 non
534 4021 619 4068 vasa
634 3997 749 4068 modo
764 3998 970 4073 admodum
982 4006 1170 4099 turgentia
1182 4014 1223 4071 ut
1235 3996 1300 4068 Sle
