2782 4668
297 416 368 490 388
463 440 510 489 na
537 438 682 487 srnrnus
707 439 751 486 ar
776 434 899 488 cansrs
925 440 1134 489 nonnosum

294 580 368 652 que
386 554 500 627 altera
525 553 572 624 ab
590 552 858 650 Etmullcro(1)
877 554 1034 627 laudata.
1064 562 1149 627 Haec
1174 571 1283 627 autem

294 696 377 743 mea
389 672 553 741 maniam
567 670 737 757 exhibet,
757 695 838 767 quoe
856 669 951 742 febri
964 672 1137 768 quidem,
1153 672 1218 744 sed
1227 672 1286 770 hy·

294 789 405 886 dropi
431 789 548 885 magis
570 788 762 873 successit,
789 812 810 856 a
835 813 913 883 quo
942 788 1290 886 alioquinmaniam

295 905 403 993 solvi,
421 919 485 975 aut
495 904 624 975 saltem
636 904 809 974 imminui
822 904 969 975 solitam
981 930 1077 993 esse,
1090 908 1292 1004 Hippocra-

293 1024 339 1093 tis
357 1021 594 1118 aphorismus
608 1018 680 1116 (α),
697 1020 892 1091 dubitante
910 1036 1035 1093 tamen
1045 1023 1099 1094 Cl.
1112 1023 1291 1120 Pastap),

293 1138 452 1210 indicat:
486 1163 511 1207 a
524 1138 665 1229 furore
689 1136 894 1233 difficultas
924 1143 1205 1226 intestinorum,
1234 1151 1295 1209 cut

292 1255 480 1352 hydrops,
503 1258 767 1341 accersiens,
787 1255 935 1324 bonum.
950 1256 1130 1344 Quacum
1150 1270 1292 1327 senten·
1320 1300 1325 1309 ι

293 1373 344 1443 tia
360 1377 379 1442 J
382 1368 585 1466 acotius(4)
600 1370 756 1440 alteram
768 1370 1006 1468 Hippocratis
1019 1370 1222 1444 conferens
1237 1400 1245 1440 :
1262 1379 1294 1441 in

293 1489 554 1580 afflctionibus
571 1485 863 1584 hydropicorum
883 1486 1087 1558 comitiales
1104 1489 1233 1559 morbi
1248 1495 1293 1557 in-

295 1605 457 1677 cidentes
481 1601 653 1692 lethales,
673 1604 752 1674 haec
771 1603 968 1701 adscripsit
982 1631 990 1672 ε
1002 1607 1259 1700 quamobrem!
1269 1610 1295 1675 si

292 1726 524 1821 quaejuvcre
539 1720 693 1807 debent,
718 1745 793 1791 non
814 1721 927 1791 modo
948 1746 1026 1792 non
1045 1724 1207 1818 juvant,
1236 1721 1294 1793 sed

294 1845 407 1910 etiam
427 1844 464 1907 in
478 1843 708 1908 contrariam
720 1852 896 1907 naturam
912 1852 1127 1927 transeunt,
1142 1854 1189 1909 nt
1202 1838 1292 1911 vido

293 1955 379 2027 licet
392 1954 556 2052 hydropi
564 1960 800 2052 superveniat
805 1961 929 2051 gravis
943 1956 1081 2051 aliquis
1094 1962 1232 2053 capitis
1241 1957 1291 2048 cj-

174 2096 176 2100 ·
258 2144 264 2149 ,
281 2075 436 2164 fietne.
453 2124 460 2139 .
477 2125 484 2138 .
501 2070 766 2168 .idpessimnm
779 2071 988 2141 essemultis
1001 2071 1048 2142 dc
1063 2078 1188 2151 causis
1202 2097 1293 2149 cors·

293 2202 357 2258 tot.
377 2192 518 2258 Verum
542 2186 621 2258 haec
641 2186 688 2258 de
717 2184 853 2257 aflectu
877 2190 1193 2285 superveniente,
1222 2215 1292 2261 non

151 2316 157 2335 ⁸
254 2377 260 2391 ,
292 2329 397 2400 aeque
415 2302 461 2374 de
481 2304 704 2376 succedente
721 2303 939 2402 accipienda
956 2318 1052 2375 sunt.
1072 2309 1208 2403 ltaque
1224 2330 1294 2377 non

292 2422 372 2494 sine
387 2444 453 2518 spe
469 2420 612 2517 aliqua,
630 2421 705 2492 mei
717 2421 839 2491 insani
852 2422 1084 2493 curationem
1102 2445 1294 2519 aggressus
1317 2439 1333 2457 ‘

292 2562 394 2625 sum,
413 2538 560 2608 tametsi
578 2536 628 2608 ob
655 2561 800 2634 eaquae
821 2554 906 2611 ante
926 2538 1154 2636 pertulerat,
1176 2563 1294 2637 neque

291 2655 393 2728 illam
411 2655 549 2726 imitari
566 2653 720 2743 licebat,
735 2681 817 2754 quae
832 2671 886 2731 est
902 2655 1002 2752 apud
1017 2654 1223 2728 laudatum·
1233 2662 1310 2727 Bo·

289 2772 446 2859 rellum,
463 2787 504 2842 ut
522 2770 660 2843 balneo
679 2796 783 2868 aquae
798 2772 938 2860 dulcis,
956 2787 1020 2843 aut
1037 2797 1142 2843 venae
1167 2776 1293 2846 sectio·

290 2889 404 2960 nibus
421 2903 565 2976 uterer,
580 2890 785 2984 pracsertim
803 2914 890 2961 cum
908 2890 1029 2980 oculi,
1043 2907 1079 2961 et
1104 2888 1220 2963 facies
1239 2891 1293 2962 hic

290 3031 369 3078 uon
389 3005 588 3093 ruberent,
614 3030 685 3077 nec
711 3008 852 3078 arteriae
878 3007 986 3079 valde
1012 3023 1137 3080 essent
1173 3009 1293 3079 conci·

289 3138 388 3210 tatae,
414 3147 548 3219 neque,
560 3123 714 3195 alteram
733 3149 754 3194 a
771 3124 1025 3223 Sydenbamio
1043 3128 1291 3223 propositam,

289 3256 332 3311 ut
343 3239 585 3312 calidioribus
600 3242 745 3313 auxiliis
757 3266 984 3341 pugnarem,
996 3243 1203 3340 alvumque
1215 3244 1292 3315 ads-

288 3358 437 3428 trictam
450 3350 658 3447 servarem,
677 3358 811 3431 biliosa
828 3360 927 3430 enim
940 3414 952 3447 ,
966 3362 1138 3456 quamvis
1150 3386 1230 3433 non
1245 3364 1290 3432 ita
