2774 4666
208 415 327 463 unt.
355 415 401 461 nr
427 411 564 461 uonms
588 410 883 474 car1r1s51rrtsr.
912 412 959 457 tv.
1012 395 1078 476 adr

97 521 221 615 iuerat,
233 526 316 616 fixi,
329 538 442 625 atqtie
457 526 602 597 intenti.
625 512 710 595 Sitis
728 525 868 621 pariter
884 550 1084 622 permane·

97 645 168 739 bat.¹
177 651 315 717 Verum
330 659 464 744 praeter
476 643 595 732 hanc,
617 642 720 714 nulla
740 641 814 712 alia
826 643 873 713 de
890 668 932 714 re
949 669 1084 740 quere·

97 761 205 834 batur.
227 764 327 854 Quin
346 785 432 833 cum
450 760 666 859 singillatim
691 761 1009 858 interrogaretur,
1031 764 1086 831 in-

100 893 264 952 ternusne
281 878 406 966 cal‘or,
423 903 472 950 an
495 876 589 974 quid
611 892 792 974 praeterea
820 880 859 947 in
888 880 1028 976 capite,
1045 881 1084 949 in

98 995 256 1084 thorace,
280 997 321 1068 in
342 1010 499 1082 ventre,
527 1019 575 1065 an
599 1018 760 1091 usquam
777 994 866 1065 alibi
882 996 1086 1067 molestum

99 1128 198 1202 esset,
221 1114 370 1212 negavit
386 1141 396 1183 ε
412 1115 475 1183 vix
492 1126 606 1209 caput
621 1112 799 1183 nonnihil
814 1112 934 1183 videri
955 1138 1085 1210 grave,

99 1229 188 1303 tarda
202 1255 244 1301 ac
260 1229 462 1316 submissa,
486 1228 714 1316 utsolebat,
737 1253 850 1317 voce,
877 1232 942 1301 sed
958 1246 1085 1302 tamen

100 1346 285 1443 explicata,
306 1369 378 1418 nec
395 1368 528 1431 rauca,
553 1345 722 1441 subjecit.
740 1346 920 1417 Nondum
938 1363 1017 1418 erat
1035 1373 1090 1419 se·

100 1456 229 1535 mihora
243 1489 289 1537 ex
305 1487 384 1560 quo
396 1461 475 1534 haec
487 1461 746 1559 responderat,
760 1486 848 1534 cum
864 1464 990 1546 subito
998 1489 1086 1536 ecce

100 1579 183 1650 inter
203 1579 414 1653 bibendum
433 1603 592 1676 aquam,
610 1605 630 1649 a
645 1579 794 1651 medico
814 1583 1084 1678 prescriptam,

100 1720 162 1793 qua
175 1722 270 1796 aqua
284 1711 322 1771 et
336 1695 471 1768 diebus
487 1696 747 1794 superioribus
755 1698 813 1768 uti
822 1684 1087 1786 consueverat,

102 1813 160 1887 sub
182 1815 442 1887 ministrorum
468 1804 595 1886 oculis
614 1838 763 1885 sursum
792 1821 954 1911 retracto
981 1839 1088 1914 supc-

101 1932 186 2005 riore
196 1931 302 2006 labro
313 1932 485 2005 moritur.
502 1931 558 2002 Ad
572 1930 712 2002 horum
724 1931 927 2004 clamorem
945 1931 1090 2035 confes-

102 2049 157 2120 tim
170 2049 389 2124 accurritur.
409 2053 454 2119 In
467 2047 612 2120 calente
632 2047 759 2120 adhuc
785 2074 944 2147 corpore
961 2076 1092 2125 omnes

101 2163 226 2263 ubique
243 2167 424 2266 pulsuum
448 2165 575 2252 sedes,
592 2167 622 2237 si
640 2165 733 2262 quid
755 2162 850 2240 forte
867 2169 950 2237 vitat
964 2193 1091 2265 super·

102 2298 197 2372 esset,
210 2285 411 2382 diligenter
424 2297 639 2372 tentantur3
656 2282 724 2357 sed
738 2285 950 2355 incassum:
970 2285 1087 2358 homo

100 2397 163 2493 jam
177 2402 329 2499 penitus
344 2416 424 2475 erat
440 2416 624 2472 mortuus.

141 2521 316 2594 Ventrem
337 2520 516 2620 postridie
541 2544 629 2590 cum
653 2518 877 2592 dissererem
902 2520 943 2589 in
965 2544 1011 2590 eo
1029 2520 1092 2590 ali·
1201 2546 1204 2551 ¹

102 2652 230 2730 quanto
246 2638 337 2739 pius
353 2636 526 2711 humoris
543 2637 809 2723 animadverti,
831 2659 946 2732 quam
971 2638 1088 2708 solet:

102 2770 283 2829 omentum
307 2750 432 2827 autem
454 2779 602 2826 sursum
619 2755 669 2825 ita
684 2769 919 2842 contractum
936 2807 946 2843 ,
963 2770 1004 2825 ut
1021 2753 1091 2827 sub

101 2884 277 2944 costarum
293 2874 527 2945 sinistrarum
544 2870 684 2971 angulo
701 2878 856 2969 prorsus
870 2870 1011 2943 lateret.
1029 2876 1091 2941 In·

102 2989 266 3061 testinum
284 3014 375 3062 vero
392 2991 504 3062 colon
519 3015 592 3087 qua
610 3005 715 3087 parte
733 3006 771 3060 se
784 2988 937 3059 demum
957 2987 1092 3079 flectit,

102 3117 231 3178 utrum
252 3120 357 3181 recto
378 3110 654 3195 committatur,
672 3124 757 3178 ante
772 3107 909 3198 ileum,
927 3106 996 3179 suh
1015 3131 1093 3205 quo

101 3220 179 3294 alias
193 3225 391 3313 conditur,
408 3227 458 3297 ita
479 3225 689 3324 prostabat,
707 3225 804 3295 utin
823 3224 949 3299 medio
973 3223 1093 3301 ferme

101 3356 172 3408 ossa
186 3340 265 3438 ipsa
281 3341 394 3440 pubis
411 3344 667 3441 contingeret,
683 3344 908 3439 vesicaeque,
935 3367 1018 3438 quae
1034 3344 1091 3416 Ιο-

101 3452 146 3522 tio
159 3451 235 3529 erat
253 3458 388 3555 plena,
404 3461 593 3534 insideret.
623 3462 835 3533 Exteriores
855 3461 1023 3533 intestini
1035 3463 1090 3557 je·

97 3565 172 3660 juni
185 3576 320 3645 tunicae
336 3578 491 3651 maculis
508 3576 734 3674 quibusdam
753 3604 797 3648 ex
812 3577 931 3648 rubro
947 3579 1091 3650 liventi·
1182 3586 1185 3589 ’

100 3681 182 3779 bus,
195 3693 290 3764 raris
312 3708 457 3781 tamen,
473 3710 585 3792 atque
611 3697 786 3778 minutis,
810 3695 1092 3792 distingueban-

95 3814 178 3895 tur,
193 3833 237 3879 ex
247 3811 413 3931 fluibus,
430 3812 561 3893 leviter
577 3816 803 3903 vulneratis,
820 3813 926 3889 fluidi
943 3816 1091 3908 sangui·

101 3920 152 3993 nis
165 3927 319 4020 guttulae
335 3930 496 4005 exibant.
514 3933 634 4015 licum
648 3957 739 4004 vero
755 3931 986 4004 subrubrum
1003 3944 1093 4017 erat,

170 4066 199 4112 1.
878 4047 922 4120 16
