2774 4666
181 444 248 489 ern.
275 443 300 488 1.
329 408 536 488 numenius
562 434 855 503 cnrrrrs,ar1sr.
884 438 938 488 nr.
997 414 1062 510 195
1171 501 1172 504 Ἴ

120 582 171 654 29·
199 563 245 628 At
262 557 383 642 enim,
398 555 567 650 inquies,
581 554 704 634 curin
719 546 793 623 isto
810 551 965 622 homine
981 567 1066 623 curn

77 673 193 744 eadem
203 675 314 745 etiam
329 685 438 741 antea
454 683 595 757 essent,
610 694 689 738 nou
705 669 806 740 idem
816 678 1069 753 tame'uantea

80 792 240 888 contigit,
251 790 422 886 quamvis
430 803 467 858 et
477 786 589 884 plene
599 801 780 859 coenasset
789 789 964 870 toties,et
974 811 1071 857 non·

80 932 264 1007 nunquam
281 922 381 978 certe
406 906 590 985 maturius
613 904 753 1001 pariter
770 904 985 999 cubuisset?
1008 905 1071 973 Ni²

82 1029 204 1097 mirum
220 1026 312 1123 quia
322 1036 430 1113 antea
446 1035 552 1093 erant
567 1019 721 1117 quidem
734 1019 913 1117 pleraque
931 1021 1072 1109 eadem,

82 1143 228 1215 sednon
246 1143 386 1212 omnia.
405 1140 482 1211 Nec
500 1160 591 1209 veru
608 1156 784 1208 vasorum
808 1137 1074 1209 tantummodo

82 1259 186 1330 robur
199 1260 307 1347 dico,
328 1256 432 1355 quod
455 1257 496 1325 in
521 1254 735 1352 diesmagis
752 1256 944 1352 magisque
962 1256 1002 1325 in
1020 1278 1073 1326 se-

83 1377 180 1449 nibus
199 1390 422 1462 enervatur,
444 1373 508 1444 sed
530 1374 659 1459 etiam,
676 1385 789 1468 atque
810 1371 906 1443 adeo
926 1374 1074 1470 potissi-

83 1519 174 1565 mum
183 1501 444 1591 tempestatem
454 1485 556 1562 illam
572 1482 676 1575 dico,
693 1491 801 1586 cujus
815 1492 851 1560 vi
859 1504 916 1561 tot
926 1491 988 1560 alii
998 1502 1075 1560 ta'm

85 1611 204 1682 erebro
228 1634 301 1709 per
323 1635 387 1682 eos
411 1609 491 1680 dies
514 1609 573 1679 de·
589 1609 794 1706 improviso
819 1610 1073 1706 rapiebantur.

85 1731 165 1799 llam
181 1742 269 1827 post
283 1725 400 1825 frigus
417 1751 496 1819 non
514 1724 629 1795 modo
646 1725 797 1825 hyeme,
813 1726 878 1797 sed
894 1741 930 1798 et
945 1734 990 1797 eo
1009 1729 1076 1823 qui

86 1859 326 1942 precesserat,
356 1858 557 1930 autumno,
583 1857 619 1912 et
648 1836 826 1940 eoquod
852 1856 1077 1916 successerat

88 1986 181 2051 vere,
193 1960 374 2033 diuturna
390 1975 427 2031 et
441 1984 524 2030 rara
534 1960 818 2030 continuatione
829 1972 1078 2057 protrletltm,

89 2079 178 2150 aalor
191 2095 284 2151 tuuc
299 2079 485 2176 primum,
499 2092 536 2148 et
550 2079 582 2148 is
597 2100 677 2147 non
687 2077 889 2175 gradatim,
904 2073 969 2150 sed
978 2088 1080 2152 totns

92 2197 188 2269 simul
202 2222 240 2270 se
250 2196 454 2283 extulerat,
468 2209 510 2265 ut
525 2210 679 2293 repente
689 2206 889 2295 propterea
899 2208 937 2268 se
946 2208 1083 2294 expati-

89 2311 187 2387 dente
203 2315 406 2413 sanguine,
422 2311 579 2410 perinde
602 2328 697 2385 esset
721 2337 765 2383 ae
789 2315 819 2385 si
841 2316 943 2400 iasa,
966 2313 1080 2410 liujus

92 2435 183 2528 quasi
202 2432 419 2531 duplicata
410 2431 614 2528 improviso
638 2433 748 2528 eopia
760 2430 1077 2508 distenderentur
1141 2504 1146 2511 ,
1203 2432 1215 2439 “

92 2546 190 2636 Quod
204 2572 292 2622 cum
308 2565 480 2647 superius
494 2548 528 2644 (
535 2547 574 2644 )
561 2564 638 2643 Jam
656 2560 709 2619 sat
711 2549 741 2619 is
755 2547 1082 2685 explicuerimus,

93 2662 145 2736 hit
159 2676 328 2766 repetere
345 2690 424 2737 non
441 2678 496 2737 est
511 2680 617 2762 opus
1105 2724 1110 2729 a

134 2781 185 2854 to.
211 2784 421 2869 Praestat,
396 2804 425 2854 si
437 2806 520 2879 quae
528 2790 837 2879 pratereasquus
853 2776 1084 2859 subindelt'll
1124 2845 1129 2851 ,

44 2990 46 2995 .
94 2897 226 2973 duabus
242 2901 410 3000 epistolis
423 2900 690 2983 indicavimus,
705 2897 984 2971 observationes
998 2908 1083 2998 prot

95 3014 249 3108 dierunt,
264 3018 312 3091 ad
322 3018 575 3117 sanguineam
592 3015 827 3115 apoplexiam
837 3021 1084 3114 pertinentes,

95 3296 195 3357 motum
209 3298 360 3378 impediat.
375 3294 462 3360 Unde
481 3302 687 3377 respirationis
710 3292 800 3357 laesio.
819 3272 921 3358 Plures
938 3292 1012 3359 alios
1036 3292 1091 3359 445

96 3417 166 3456 rores
179 3403 333 3458 anatomia
345 3414 376 3458 et
387 3403 597 3478 physiologiae,
610 3403 706 3459 trihus
721 3401 867 3476 inprimis
882 3402 1014 3476 epistolis
1025 3404 1088 3458 aui·

96 3500 307 3573 madiertimus,
320 3504 444 3577 exempli
457 3505 634 3580 gratiahane
649 3503 829 3573 doctrinam,
844 3514 946 3557 omnes
958 3502 992 3556 in
1005 3520 1088 3557 cere·

97 3594 194 3655 bellum
217 3621 394 3658 concurrere
418 3622 526 3658 nervos
552 3604 661 3676 quibus
690 3610 870 3663 enascuntur
893 3601 1089 3657 involuntarii

97 3708 195 3754 motus·
188 3704 388 3779 ,Morgagnus
400 3704 442 3758 sie
457 3703 599 3759 cerebello
615 3704 727 3776 praebet
739 3700 770 3759 id
782 3697 865 3777 quod
878 3701 916 3757 ud
931 3698 1090 3757 medullam

99 3795 274 3874 oblongarum
293 3802 441 3876 pertinet:
460 3803 571 3877 quippe
592 3823 657 3875 quae
675 3803 776 3858 omnia
798 3820 864 3857 eum
882 3796 973 3856 hodie
994 3812 1091 3855 errata

100 3911 295 3971 agnoscuntur,
302 3906 460 3977 propterea
474 3903 736 3959 relutarevacuum
752 3906 803 3957 est.
813 3898 935 3976 (Aduot.
950 3898 1089 3974 Edc‘ntor)

137 3993 164 4067 (1
154 3998 179 4074 1)
198 4001 236 4056 Ν.
255 4001 300 4057 13

863 4094 922 4169 13*
