2774 4666
185 446 254 495 mr.
281 446 306 492 r.
335 446 381 492 nr
407 444 543 493 nonnis
568 445 723 508 caetris,
749 445 860 494 rrrsr.
888 420 936 493 iv.
991 451 1055 495 221

18 544 20 549 ¹
64 559 253 655 portiones
268 554 381 629 offert
398 556 671 629 disserentibus
686 584 696 644 3
718 556 764 628 de
782 558 929 630 cerebri
941 557 1061 630 firmi-

67 674 188 747 tudine
208 675 445 771 judicamus,
472 689 613 772 quanto
633 676 751 771 magis
768 676 807 745 in
826 675 899 748 hoc
922 677 1061 772 juvene

67 788 165 862 firma
191 790 263 876 fuit
282 791 526 880 medullaris,
555 806 660 862 tanto
687 792 808 887 major
842 795 1061 866 constrictio

67 905 126 979 tuit
144 909 354 997 corticalis,
370 925 411 980 ut
430 935 512 1007 quae
529 909 619 980 hinc
638 911 737 980 inter
755 907 963 982 firmiorem
983 938 1061 984 me-

68 1024 241 1097 dullarem
259 1026 528 1113 substantiam,
549 1026 637 1097 inde
658 1028 757 1097 inter
777 1053 899 1124 aquae,
922 1046 959 1101 et
975 1054 1061 1102 san-

67 1143 176 1238 guinis
202 1145 526 1241 compressionem
557 1143 680 1214 media
711 1145 965 1241 interjacebat.
990 1148 1061 1219 Vel

70 1262 237 1355 quoniam
265 1260 494 1333 cerebellum
522 1259 572 1332 ob
598 1260 637 1331 id
657 1262 780 1359 ipsum
810 1262 914 1360 quod
940 1264 1061 1336 multo

69 1377 216 1448 maxima
234 1402 281 1447 ex
297 1391 401 1474 parte
415 1392 561 1449 constat
577 1401 623 1448 ex
644 1376 851 1449 substantia
872 1381 1060 1470 corticali,

70 1493 179 1565 minus
196 1493 352 1565 firmum
374 1493 469 1566 solet
483 1518 580 1582 esse,
602 1518 717 1591 quam
734 1494 951 1584 cerebrum,
965 1512 1002 1568 et
1019 1498 1061 1568 in

69 1606 130 1680 hoc
143 1612 284 1705 juvene
301 1626 402 1682 certe
420 1609 509 1700 fuit3
527 1626 589 1700 tu,
608 1611 638 1684 si
655 1612 762 1710 prior
777 1612 841 1685 illa
857 1638 968 1686 causa
981 1640 1061 1686 non

69 1725 192 1823 placet,
219 1726 278 1800 fac
296 1730 351 1807 ita,
369 1729 534 1828 cogites,
554 1744 698 1826 quanto
717 1731 835 1827 magis
858 1754 923 1802 sua
942 1728 1061 1802 firmi·

69 1843 183 1916 tudine
217 1845 417 1917 cerebrum
451 1845 597 1917 obstitit
632 1849 923 1945 compressioni,
955 1863 1060 1920 tanto

70 1960 177 2033 minus
213 1961 366 2033 obstare
401 1964 573 2059 potuisse
599 1960 786 2034 infirmius
819 1964 1058 2037 cerebellum.

71 2077 149 2147 Cum
173 2079 277 2150 enim
306 2078 353 2150 ad
384 2078 532 2150 cerebri
558 2080 698 2150 molem
729 2077 849 2153 effusa
878 2106 997 2180 aqua,
1024 2096 1062 2154 et

71 2197 202 2291 sanguis
216 2195 438 2268 distendens
453 2220 559 2284 vasa,
576 2198 838 2286 accessissent,
851 2223 974 2296 neque
986 2226 1062 2273 cra·

72 2309 115 2378 nii
136 2314 314 2409 parietes,
342 2314 486 2411 quippe
510 2314 628 2403 ossei,
654 2315 863 2411 quidquam
885 2316 1064 2389 cederent

72 2422 177 2521 ipsum
188 2445 313 2501 autem
331 2428 530 2499 cerebrum
549 2430 599 2501 ob
620 2455 726 2502 suam
738 2432 841 2502 illam
859 2430 1060 2504 firmitudi·
1134 2442 1156 2523 f

72 2565 144 2613 nem
157 2548 284 2618 minus
295 2569 404 2632 sane,
423 2546 585 2642 quamin
594 2545 667 2616 alio
680 2546 856 2634 homine,
876 2550 1057 2639 cessisset3

14 2684 16 2687 ·
69 2659 338 2760 relinquebatur
359 2662 534 2734 videlicet
546 2670 623 2750 ,lut
650 2665 811 2735 maxima
831 2665 871 2734 in
890 2665 1056 2737 cerebel-

70 2773 133 2848 lum
148 2781 202 2852 ris
215 2780 346 2868 fieret,
366 2779 467 2851 unde
490 2793 654 2850 mortem
675 2803 885 2877 essequam
907 2783 1057 2854 celerri-

70 2914 153 2966 mam
170 2922 300 2996 posse,
320 2897 392 2968 alio
414 2897 499 2969 loco
511 2895 565 2993 (1)
587 2910 780 2969 ostensum
800 2914 864 2969 est.
1113 2883 1115 2887 ¹

111 3013 158 3084 18.
171 3016 303 3113 Neque
318 3038 363 3084 eo
379 3012 525 3084 turbari
545 3029 600 3101 te,
617 3013 751 3100 velim,
771 3015 875 3111 quod
894 3006 941 3086 ab
960 3042 1057 3114 aqua

71 3144 162 3202 antea
191 3133 463 3220 irritationem,
495 3145 532 3202 et
562 3129 665 3228 quod
697 3130 744 3202 ab
770 3132 841 3202 hac
870 3136 1056 3231 sequitur,

70 3250 361 3341 convulsionem
379 3273 482 3319 nunc
498 3272 590 3319 vero
604 3250 926 3345 compressionem
941 3251 1057 3325 dedu-

71 3384 149 3434 cam.
159 3369 253 3438 Nam
268 3381 305 3438 et
315 3365 532 3454 convulsio,
552 3379 588 3436 et
605 3368 835 3461 compressio
852 3366 952 3439 idem
967 3370 1059 3444 infe·
1122 3362 1124 3366 ’

70 3497 146 3553 runt
177 3483 447 3557 detrimentum
476 3483 764 3557 constrictionis.
793 3489 900 3581 Aqua
931 3504 1057 3561 autem

69 3616 143 3668 curn
156 3600 272 3699 ipsius
285 3616 480 3690 naturam,
495 3614 532 3672 et
544 3598 694 3698 pondus
708 3615 941 3700 spectamus,
962 3606 1056 3701 quin

100 3952 139 4032 (ι)
158 3959 250 4036 Epist.
268 3979 338 4030 ω.
352 3965 399 4025 at.
