2862 4668
312 466 360 553 44
655 483 972 534 valtramo.

351 621 381 677 9.
396 595 490 659 Editis
505 597 568 673 jam
588 602 762 658 anatomicis
782 603 929 658 Valsalrae
947 595 1065 675 seriptis
1076 638 1086 670 ,
1099 608 1128 657 et
1140 600 1278 676 epistolis„
1290 604 1323 659 in

311 701 364 757 illa
375 702 463 771 meis,
477 702 554 757 forte
563 701 690 771 accidit,
707 713 742 757 ut
750 720 817 758 eum
829 701 967 773 Patavio,
978 700 1065 758 sicuti
1075 700 1134 757 illis
1146 703 1231 758 annis
1239 698 1320 758 haud

311 817 381 856 raro
397 801 539 870 solebam,
548 801 649 857 aestivo
663 811 798 876 tempore
810 802 1010 872 secessissem,
1028 801 1200 858 conveniret
1211 820 1259 857 me
1268 820 1321 857 sae-

311 898 380 974 pius
397 898 530 977 optimus
552 893 693 972 juvenis,
713 900 838 977 egregiae
861 902 986 971 indolis,
1010 912 1038 957 et
1054 920 1122 956 cum
1136 900 1225 970 aliis,
1254 910 1320 955 tum

311 999 477 1073 praesertim
489 999 533 1056 rei
546 1000 686 1070 medicae,
705 1000 812 1057 studiis
829 1002 955 1058 deditus.
969 1000 1030 1072 Qui
1046 1019 1113 1058 cum
1128 1000 1192 1071 illa,
1212 1017 1321 1075 easque

232 1140 234 1147 .
310 1098 498 1175 perlegisset,
523 1099 686 1157 identidem
713 1119 759 1156 me
786 1101 818 1156 in
840 1119 907 1157 eum
927 1119 1108 1171 sermonem,
1132 1119 1193 1175 quo
1217 1101 1323 1155 nullus

309 1196 384 1253 mihi
405 1197 569 1272 jucundior
581 1211 641 1269 est,
668 1201 851 1271 revocabat,
871 1202 908 1256 de
927 1199 1161 1276 praeceptoribus
1179 1199 1321 1255 videlieet

307 1297 399 1368 meis,
417 1299 556 1355 Valsalva
571 1299 602 1354 in
613 1299 736 1374 primis,
754 1311 783 1355 et
799 1300 974 1371 Albertino,
996 1316 1125 1373 quornm
1136 1299 1185 1355 rel
1200 1299 1319 1355 minus-

309 1397 390 1452 culas
401 1397 434 1452 in
448 1398 596 1454 medendo
610 1396 838 1454 consuetudines
848 1416 1026 1474 cognoscere
1036 1392 1168 1454 ‘avebam
1189 1397 1263 1471 quin
1280 1398 1323 1455 de¹

308 1495 382 1552 meis
400 1515 522 1570 quoque
535 1496 621 1571 ipsis,
638 1498 749 1554 nedum
772 1497 909 1567 illorum,
930 1508 960 1553 et
980 1496 1166 1567 observatis„
1190 1508 1219 1552 et
1234 1496 1319 1577 cogi-

288 1594 378 1663 ,tatis
394 1596 521 1683 subinde
538 1597 752 1653 sciscitabatur.
774 1600 848 1668 Quae
870 1597 949 1652 inter
963 1615 1031 1653 cum
1053 1596 1103 1652 illa
1120 1597 1216 1667 forte,
1231 1608 1267 1652 ut
1282 1595 1318 1654 fit

308 1693 343 1754 in
359 1695 532 1771 colloquiis,
548 1697 729 1770 aperuissem
744 1716 810 1771 quae
826 1697 865 1753 ad
883 1693 1111 1772 Sepulchretum
1129 1697 1315 1770 attinebant,

310 1794 450 1851 omnibus
460 1814 507 1850 me
517 1795 641 1870 fatigare
654 1796 796 1869 precibus
809 1814 964 1871 nunquam
976 1795 1105 1867 destitit,
1117 1806 1152 1852 ut
1164 1797 1197 1852 in
1210 1814 1320 1871 capra

308 1893 422 1950 caeteris
444 1893 662 1965 incumberem,
679 1905 708 1949 et
729 1895 852 1970 quarmo
866 1897 900 1950 in
914 1896 1160 1952 commentariolo
1181 1896 1219 1953 d'e
1241 1897 1317 1951 Val-

309 1994 398 2050 salrae
409 1992 489 2065 rita,
508 1995 725 2068 promiseram,
743 1995 883 2052 daturum
900 2015 948 2052 me
961 2012 1101 2071 operam,
1116 2008 1151 2053 ut
1166 1994 1230 2068 eius
1245 1997 1320 2071 plna

307 2093 406 2164 rimae,
432 2112 498 2169 quae
521 2105 725 2169 superessent,
751 2096 855 2152 eodem
878 2107 1063 2172 spectantes,
1092 2096 1317 2159 observationes

307 2193 481 2268 prodirent,
494 2212 562 2251 cum
570 2195 607 2251 iis
615 2194 826 2272 conjungerem
835 2215 932 2268 meas,
946 2198 1017 2253 etin
1029 2197 1169 2272 utrisque
1180 2198 1316 2271 exemplo

308 2293 395 2368 qnasi
402 2293 534 2369 quodam
541 2296 739 2367 ostenderem,
749 2279 822 2370 quid
834 2296 866 2351 in
879 2314 958 2351 nova
973 2296 1160 2371 Sepulchreti
1173 2296 1318 2366 editione,

305 2391 344 2450 ab
357 2411 387 2450 se
401 2393 543 2465 fortasse,
557 2393 581 2451 si
595 2394 684 2451 amici
694 2394 925 2465 auxiliarentur,
938 2395 1101 2469 aliquando
1114 2395 1314 2470 suscipienda,

306 2491 513 2549 desiderarem.
528 2493 743 2564 Familiariter,
757 2504 791 2549 ut
806 2495 932 2565 vellem,
951 2494 1125 2565 scriberem,
1145 2495 1247 2569 sicque
1261 2495 1316 2550 illa

307 2591 396 2648 etiam
417 2591 537 2667 quaein
560 2593 718 2667 colloquiis
740 2592 890 2664 dixeram,
907 2593 1025 2668 aliaque
1048 2586 1173 2664 similia,
1197 2594 1316 2650 minuta

307 2691 540 2765 quantumlibet,
555 2703 585 2748 at
597 2691 655 2748 sibi
666 2692 832 2768 gratissima
839 2734 849 2764 ,
865 2690 1075 2767 interjicerem.
1089 2694 1171 2764 Quid
1184 2693 1317 2768 quaeris?

305 2776 434 2848 Exorari
456 2811 503 2848 me
521 2791 587 2848 sivi.
605 2794 660 2848 Res
683 2792 762 2847 enim
778 2789 986 2869 flagitabatur,
1004 2811 1094 2868 quam
1113 2793 1145 2847 in
1163 2792 1215 2848 illo
1230 2812 1317 2849 com-

306 2891 485 2949 mentariolo
497 2910 533 2948 ex
544 2902 630 2966 parte
645 2892 798 2967 pollicitus
816 2893 947 2965 fueram,
961 2912 995 2950 ex
1018 2904 1105 2968 parte
1118 2903 1215 2950 eutem
1229 2890 1314 2957 haud

306 2989 442 3047 inutilem
456 2990 536 3063 fore,
553 2993 725 3067 sperabam,
745 2993 771 3051 si
784 3012 819 3049 ex
831 2994 978 3051 sententia
994 2994 1183 3064 succederet,
1194 3004 1317 3067 posset-

307 3107 365 3163 que
376 3091 522 3147 recensita
533 3103 653 3166 postea,
665 3103 754 3168 atque
770 3094 867 3166 edita,
885 3091 1047 3168 aliquando
1061 3094 1101 3150 ad
1110 3093 1189 3150 idem
1199 3092 1315 3155 laboris

307 3207 401 3266 genus
415 3209 463 3245 me
478 3191 565 3267 longe
581 3192 717 3252 meliores
728 3194 866 3250 excitare.
881 3194 945 3249 Hae
962 3204 1077 3265 mente,
1094 3193 1250 3249 Patavium
1265 3210 1317 3256 re-

306 3307 410 3347 versus
428 3291 525 3347 facere
536 3292 702 3366 periculum
716 3292 793 3368 coepi
809 3294 925 3366 aliquot
937 3292 1033 3348 missis
1045 3293 1083 3348 ad
1095 3293 1221 3349 amicum
1234 3292 1317 3367 epis-

306 3389 385 3446 tolis.
402 3391 483 3460 Quas
495 3390 539 3447 illi
550 3410 613 3448 non
624 3393 828 3468 displicuisse,
849 3392 910 3447 duo
927 3380 1126 3450 ostenderunt
1137 3433 1146 3464 ,
1164 3393 1313 3462 alterum,

307 3491 390 3565 quod
412 3509 461 3546 me
483 3490 543 3548 suis
567 3492 692 3549 assiduis
710 3490 947 3568 flagitationibus
966 3486 1114 3564 ad'alias,
1132 3504 1221 3567 atque
1245 3492 1320 3553 alias

307 3589 444 3665 deinceps
455 3591 630 3662 mittendas,
648 3593 688 3649 ad
706 3590 952 3667 septuagesimam
975 3609 1071 3667 usque
1093 3591 1236 3667 perduxit
1242 3611 1252 3661 3
1270 3594 1319 3648 al,
1409 3650 1412 3653 e

307 3700 426 3763 terum,
448 3692 530 3766 quod
552 3692 668 3749 easdem
692 3689 781 3763 mihi,
803 3700 838 3746 ut
860 3708 1063 3763 recenserem,
1086 3689 1224 3767 petenti,
1252 3709 1318 3755 non

306 3799 394 3844 autea
409 3790 544 3862 remisit,
561 3809 651 3867 quam
665 3801 765 3848 sancte
785 3789 1009 3867 promitterem,
1028 3785 1104 3849 nihil
1119 3808 1167 3847 me
1182 3807 1244 3853 esse
1263 3790 1321 3854 de,-

305 3899 478 3949 tracturum.

279 4024 284 4035 “
345 4006 391 4072 to.
409 4009 567 4089 Intelligis,
578 4011 707 4091 benigne
717 4015 841 4086 Lector,
860 4032 913 4071 cur
924 4012 1011 4071 initio
1024 4011 1170 4082 dixerim,
1180 4006 1319 4072 becomes
