2782 4668
205 437 273 483 nm.
302 437 325 482 t.
355 410 877 494 nt‘ttona1scar1r1s,rrisr.
906 432 970 479 vn.
1024 408 1093 481 353

86 551 300 649 gitudinem
321 563 508 646 spectata,
522 548 658 644 partim
671 561 757 618 ‘erat
776 546 926 617 sinuosa
938 560 975 617 et
990 545 1096 636 flava,

80 668 227 767 partim
241 663 382 738 fibrosa
400 680 438 738 et
457 663 656 738 subrubra.
670 668 788 760 Supra
802 666 1096 760 magnaearteriae
1188 715 1191 718 <
1254 662 1258 668 ⁴

85 785 276 872 valvulas,
297 783 368 855 sub
382 784 463 879 ipsa
480 782 606 852 tunica
627 778 780 868 intima,
807 780 962 869 lamellae
991 796 1098 852 erant

87 926 205 974 osseae
222 929 229 971 :
249 903 345 998 quin
363 886 475 971 etiam
489 901 700 997 primorum
717 896 1097 985 bronchiorum,non
1153 964 1158 969 ,

89 1019 212 1091 modo
238 1021 366 1095 trunci
394 1040 539 1114 asperae⁴
555 1018 719 1099 arteriae,
740 1016 995 1087 semiannulos
1012 1018 1098 1086 ani-

87 1137 276 1211 madverti
293 1136 479 1223 anterius,
499 1134 538 1204 id
553 1135 663 1206 estin
681 1133 803 1204 media
818 1135 1002 1231 cujusque
1014 1156 1097 1231 para

90 1271 150 1343 te,
170 1279 298 1326 osseos
312 1253 451 1342 factos,
467 1268 509 1324 ut
522 1277 658 1353 parum
675 1267 800 1323 essent
815 1251 973 1343 flexiles,
994 1269 1052 1340 et,
1069 1256 1100 1325 si

93 1374 371 1471 disrumperes,
398 1371 544 1469 aliquid
565 1371 808 1443 ostenderent
833 1373 872 1443 in
894 1366 1102 1451 medialilla

94 1506 204 1590 parte
222 1490 327 1588 quod
347 1489 520 1562 medullae
542 1488 852 1559 indhoamentum
874 1476 996 1561 videri
1012 1516 1101 1588 pos-

95 1626 163 1683 set.
191 1609 247 1682 Ad
276 1609 422 1682 cerebri
445 1608 612 1706 denique
632 1608 836 1680 sectionem
859 1621 1100 1704 progressus,

95 1732 137 1799 in
161 1726 304 1799 sinibus
325 1726 467 1799 laterali
494 1728 666 1812 sinistre,
691 1740 727 1794 et
747 1739 907 1821 quarto,
936 1726 1104 1822 itemque

95 1847 140 1915 in
159 1846 302 1942 primo,
320 1859 356 1914 et
373 1845 413 1913 in
429 1844 534 1917 venis
553 1843 715 1940 aliquot,
740 1866 827 1912 cum
842 1835 916 1912 hoe
932 1867 1104 1917 commu-

96 1961 314 2035 nicantibus
344 1958 564 2057 polyposam
598 1942 897 2030 concretionem
916 1946 1102 2051 albidum,

98 2081 269 2166 firmam,
293 2077 425 2148 exilem
449 2079 637 2174 conspexi.
668 2080 764 2149 Vasa
788 2060 913 2150 autem
939 2078 1105 2175 reliqua,
1178 2092 1183 2107 ‘

59 2231 71 2263 ι
99 2210 339 2298 peromnem
358 2211 513 2269 tenuem
537 2197 761 2293 meningem-
775 2198 968 2299 repentia,
993 2183 1104 2268 etiam

99 2339 178 2413 qua
205 2312 435 2385 cerebellum
467 2313 669 2400 convestit,
695 2312 789 2393 adeo
820 2316 1001 2412 sanguine
1035 2315 1106 2387 dis-

96 2448 224 2520 tenta,
243 2445 285 2501 ut
305 2430 474 2501 trunculi
494 2445 709 2528 turgerent,
729 2426 879 2500 minimi
898 2448 1022 2504 autem
1047 2459 1104 2504 ra-

96 2551 197 2623 muli
224 2563 347 2622 essent
372 2548 585 2621 luculenter
606 2551 813 2645 conspicui.
840 2555 925 2620 Haec
950 2536 1104 2627 veroin

99 2669 252 2769 sinistra
267 2667 446 2737 duntaxat
471 2681 576 2762 parte
602 2666 774 2735 adhunc
796 2658 952 2736 modum
976 2694 1013 2741 se
1034 2662 1105 2741 'lra-

99 2785 256 2860 bebant.
269 2785 340 2857 Sed
359 2794 431 2855 neo
445 2776 594 2855 vascula
612 2800 681 2881 per
700 2783 947 2855 medullarem
961 2788 1107 2860 cerebri

102 2903 350 2976 substantiam
368 2902 537 2972 traducta
550 2957 563 2993 ,
576 2926 701 2973 necea
716 2927 797 2998 quae
811 2904 973 2999 parietes
981 2907 1107 2977 latera·
1207 2952 1210 2957 >

100 3023 199 3092 lium
227 3021 525 3091 ventriculorum
556 3034 796 3118 perreptaut,
823 3035 973 3118 turgere
1003 3026 1115 3097 tride=

103 3137 255 3209 bantur.
272 3136 405 3207 Plexus
423 3151 550 3208 tamen
574 3128 873 3208 choroides'non
893 3138 1109 3232 decolores,

105 3242 279 3351 quamvis
291 3255 331 3323 in
350 3254 440 3350 ipsis
457 3252 675 3350 hydatides,
691 3255 780 3324 etin
795 3257 1014 3328 ventriculis
1031 3284 1111 3329 om·

106 3371 203 3441 nino
218 3352 344 3442 sertim
358 3395 438 3441 non
456 3371 610 3445 deesset.
630 3371 791 3445 Multum
808 3387 933 3442 autem
950 3374 1111 3448 exterius

106 3486 231 3558 fuerat
252 3474 456 3583 incerebri
477 3485 726 3574 anfractibus,
751 3478 942 3587 unde'per
958 3507 1113 3565 tenuem

107 3605 327 3700 meningem
351 3604 602 3689 translucenS,
616 3604 822 3699 galaticam
841 3608 1113 3702 mentiebatur,

107 3721 174 3795 sed
190 3720 270 3791 haee
282 3746 412 3793 revera
429 3746 638 3818 nusquam,
656 3720 783 3795 fluxile
795 3722 975 3797 duntaxat
990 3752 1112 3799 serum

106 3837 191 3912 fuiti

161 3983 215 4028 12.
240 3957 327 4027 Noli
338 3972 553 4055 expectare,
568 3973 695 4029 uttam
705 3956 997 4054 longaehistoriae
1007 3960 1119 4061 longa

186 4101 216 4148 1.
909 4076 954 4148 23
