2798 4668
227 438 295 489 ms.
321 442 348 489 1.
376 441 423 488 nn
448 438 583 489 nonnis
609 438 1000 505 curte1s,sr1sr,11.·
1039 410 1109 491 565

93 551 303 651 Wepferus
328 557 367 625 in
392 554 629 655 hydropicis,
656 568 780 643 motu,
799 569 836 627 et
859 577 972 627 sensu
994 553 1110 626 visce-

95 691 191 740 rum
206 686 319 767 atque
342 686 492 769 artuum
512 669 734 742 inferiorum
754 669 1009 769 pollentibus,
1034 671 1112 741 ani·

98 786 322 874 madvertit,
344 789 484 860 scilicet
500 796 538 860 in
557 787 757 864 abdomine
774 811 906 860 nervos
924 803 961 858 et
968 787 1124 886 plexas,

97 927 299 991 nervosas,
320 929 396 976 non
413 905 533 975 solum
550 930 633 977 sera
652 910 803 1003 copioso
823 903 1038 992 inundatos,
1045 898 1113 976 sed

100 1027 224 1092 etiam
242 1020 326 1094 illos
342 1029 458 1121 ipsos,
480 1047 583 1120 aqua
593 1029 695 1099 tenui
705 1025 922 1094 membrana
934 1028 1109 1106 coercita,

99 1138 229 1218 veluti
241 1139 430 1236 gelatina,
451 1145 690 1226 incrustator,
720 1146 757 1209 in
776 1138 942 1238 pedibus
972 1162 1065 1211 vera
1084 1160 1111 1208 a

88 1255 243 1354 planta
267 1256 322 1326 ad
336 1280 473 1327 coxam
492 1263 665 1355 ipsosque
692 1258 836 1329 lunzbos
852 1240 1109 1344 adamatores,

100 1378 238 1459 cutim,
248 1373 535 1471 pinguedinem,
553 1377 804 1462 membranas,
821 1381 895 1445 imo
907 1381 1112 1473 ipsosmus·

101 1485 211 1560 calos
221 1495 513 1588 instarspongiae
522 1516 626 1589 aqua
639 1491 899 1589 turgidusimoe
908 1489 1111 1582 maduisse3

100 1621 150 1678 ut
170 1605 418 1703 dubitandum
429 1634 508 1680 non
523 1609 712 1698 videatur,
730 1610 824 1707 quin
840 1608 1026 1681 cellulosae
1038 1607 1110 1679 illae

101 1723 189 1795 telae
204 1725 557 1821 quibusnervorum
568 1751 653 1798 vasa
661 1714 883 1825 cinguntur,
903 1726 1110 1824 ipsaeetiam

102 1864 204 1936 aqua
222 1840 389 1912 disteutae
406 1839 570 1930 fuerint,
588 1859 624 1914 et
640 1845 679 1914 in
694 1844 775 1914 aliis
790 1845 884 1931 sint,
904 1865 1001 1939 quos
1011 1864 1109 1943 pene

55 2050 58 2055 ἢ
104 1956 303 2053 quotidie,
327 1972 364 2030 et
379 1961 458 2055 sine
475 1960 551 2032 ulla
568 1960 723 2057 quidem
738 1960 992 2048 resolutione,
1006 1956 1110 2029 vide·

106 2073 449 2174 mus,hydr0picis.
708 2170 712 2176 1
939 2070 942 2075 ’

160 2218 217 2263 21.
244 2192 316 2264 Sed
336 2195 404 2264 etsi
429 2192 534 2291 quod
558 2193 603 2264 de
628 2219 831 2267 nervorum
848 2192 1112 2267 affectionibus

105 2309 148 2380 in
168 2309 267 2381 libro
291 2308 474 2383 habemus
497 2309 545 2381 de
561 2315 670 2389 Locis
689 2318 727 2382 in
745 2314 895 2384 homine
909 2308 987 2409 (1);
1011 2313 1042 2389 si
1062 2325 1112 2382 ta·

105 2453 198 2500 men
210 2428 257 2501 de
272 2428 316 2500 iis
335 2431 459 2499 nervis
476 2426 535 2513 ibi,
546 2451 670 2499 sermo
685 2444 740 2501 est
757 2429 959 2527 dequibus
975 2427 1037 2499 hic
1053 2428 1110 2505 lo,-

107 2546 287 2645 quimur,
303 2546 475 2616 morbum
491 2544 664 2617 videlicet
678 2547 744 2643 qui
761 2551 799 2615 in
817 2551 917 2643 ipsos
927 2568 1110 2643 perrene-

107 2669 180 2749 rit,
212 2669 397 2759 quiescere
430 2668 469 2732 in
495 2660 624 2732 eodem
653 2660 763 2749 loco,·
793 2677 832 2732 et
855 2660 1008 2759 difficile
1035 2686 1113 2733 esse

106 2786 232 2880 ipsum
259 2780 413 2853 educere
420 2807 434 2865 ;
458 2780 546 2870 etsi,
572 2780 748 2878 inquam,
771 2779 810 2851 id
833 2793 876 2852 ut
900 2779 1109 2879 plurimum

105 2921 242 2968 verum
260 2913 335 2985 est3
352 2898 478 2970 minus
498 2912 624 2986 tamen
646 2912 719 2988 est,
744 2922 831 2970 cum
850 2895 980 2968 morbi·
1002 2920 1120 2970 causa·

106 3016 153 3087 in
175 3014 367 3087 ceilulosis
389 3016 556 3088 consistit
579 3039 710 3086 eorum
736 3014 835 3103 telis,
859 3012 930 3086 ubi
950 3014 1112 3087 externis

104 3155 243 3234 parere
259 3131 556 3220 medicamentis,
571 3147 613 3204 ut
620 3132 734 3231 paulo
745 3146 832 3204 ante
839 3130 1112 3222 iudicabamus,

107 3263 287 3347 expertus
319 3263 375 3321 est
398 3247 659 3335 Boerhaavius.
689 3250 798 3341 Quin,
819 3246 1023 3348 aliquando
1048 3246 1111 3321 tel

110 3368 224 3440 citius
240 3381 367 3465 paret,
381 3390 494 3464 quam
520 3388 619 3466 aegro
648 3391 752 3467 opus.
764 3380 1039 3463 esset,utrcum
1055 3388 1112 3444 rer

107 3507 220 3572 cens,
249 3484 410 3557 resoluta
435 3484 627 3575 membra,
652 3509 823 3585 corpore«
838 3482 1002 3557 necdum
1025 3483 1112 3557 satis

107 3615 338 3702 preparato,
351 3601 585 3675 thermarum
596 3602 759 3694 balneis,
775 3590 841 3675 aut
852 3600 942 3674 lutis
948 3622 1111 3700 prepro·

105 3760 1115 3857 —-—-----4-

151 3957 198 4037 (1)
217 3959 255 4016 N·
267 3977 296 4036 s
