2774 4666
202 467 269 512 nm.
298 465 322 511 1.
351 459 878 528 nrnonmscarrrrs,ar1sr.
907 464 961 511 111.
1021 438 1097 529 183,

90 593 349 677 antegressum
370 578 489 674 magis
506 600 621 674 quam
641 578 890 651 constitutum
910 578 975 664 sit,
1003 601 1088 647 mo·

89 711 203 784 retur,
223 720 346 793 eoque
361 710 509 766 motum
530 694 735 766 tardiorem
758 692 887 781 faciat,
911 716 989 765 non
1007 695 1105 767 sinc⁸

90 814 311 886 detrimento
327 815 373 888 sit
390 840 397 883 τ
416 834 582 910 quorum
594 811 695 883 illud
714 813 857 883 arteriae
867 834 1024 909 quoque
1035 808 1089 882 cl-

90 927 237 1018 ficiunt,
261 956 300 1002 se
327 930 380 1001 ob
405 932 533 1001 innata
553 950 637 1003 ossa
656 931 780 1001 minus
804 931 1088 1025 constringere,

90 1062 121 1116 et
134 1070 269 1146 urgere
288 1050 510 1146 sanguinem
528 1047 718 1134 valentes,
739 1046 812 1117 boc
830 1060 956 1117 autem
975 1045 1089 1142 quid·

90 1165 173 1261 quid
187 1181 253 1237 aut
265 1170 493 1237 venosorum
507 1166 699 1237 alveorum
715 1180 833 1236 arctat
852 1163 1091 1251 diametrum,

92 1297 147 1352 aut
164 1284 336 1381 quaedam
356 1278 463 1380 quasi
479 1282 698 1356 diverticula
710 1283 769 1354 his
784 1278 939 1370 adimit,
955 1283 995 1351 in
1006 1304 1092 1378 quar

91 1423 152 1495 pro
171 1426 213 1471 re
234 1417 322 1473 nata
341 1401 589 1473 redundantis
604 1401 796 1499 sanguinis
815 1424 901 1496 pars
919 1397 1092 1496 quadan-

91 1530 191 1590 tenus
220 1519 338 1589 cedat.
368 1520 427 1589 Sic
449 1520 628 1615 quoniam
647 1520 687 1588 in
711 1519 902 1590 seniorum
922 1517 1090 1588 calvariis

91 1656 294 1707 accrescens
311 1656 416 1708 ossea
438 1636 644 1708 substantia
661 1634 809 1705 minora
828 1633 999 1731 quaedam
1024 1657 1092 1704 oc·

92 1767 191 1823 caecat
205 1749 391 1824 foramina
405 1807 414 1841 ,
431 1769 473 1823 ut
485 1750 924 1850 puta,quemadmodum
934 1750 1091 1847 alibi(1)

92 1869 263 1957 indicavi,
283 1892 365 1966 quoe
386 1869 602 1967 occipitales
627 1882 742 1941 venas
768 1890 853 1939 cum
873 1868 1091 1941 lateralibus

92 1986 225 2058 sinibus
245 1989 527 2058 communicare
537 2000 646 2057 antea
659 1986 851 2075 sinebant;
869 1985 960 2057 hinc
975 1987 1090 2057 etiam

92 2100 186 2194 lieri,
203 2107 397 2194 existimo,
415 2118 457 2176 ut
475 2106 603 2203 plures
628 2116 733 2175 aetatc
759 2104 822 2175 illa
846 2103 992 2175 cerebri
1015 2106 1090 2176 sint

91 2222 223 2294 morbis
256 2222 434 2295 obnoxiis
453 2227 625 2295 Ventosos
655 2228 781 2292 antem
800 2220 926 2291 alveos
944 2237 1089 2293 arctare

14 2380 16 2385 .
90 2343 281 2435 nonunius
292 2343 440 2440 generis
453 2364 569 2415 causae
583 2355 730 2440 queunt
748 2368 756 2408 :
776 2341 816 2409 in
827 2338 903 2426 his,
920 2341 950 2410 si
962 2340 1087 2412 Schei-

92 2456 186 2530 dium
199 2458 255 2556 (a)
277 2459 473 2544 audimus,
493 2460 653 2532 ossicula
669 2460 710 2529 in
724 2452 821 2528 falce
838 2448 1088 2546 innascendo,

91 2578 199 2675 ipsam
226 2576 403 2650 videlicet
427 2602 501 2649 suo
521 2577 695 2676 pondere
720 2574 955 2671 aliquatenus
978 2576 1088 2646 deor·
1185 2637 1190 2647 .

92 2719 162 2766 sum
183 2695 388 2783 trahendo,
409 2706 523 2793 atque
543 2672 751 2782 tendenda,
772 2692 871 2763 unde
889 2699 992 2763 ainus
1006 2693 1090 2763 lon-

89 2814 344 2906 gitudinalis....
356 2814 462 2906 falci
481 2820 676 2885 continuus
682 2867 694 2899 ,
716 2836 762 2882 ea
780 2816 960 2909 imprimis
967 2826 1086 2909 purte

93 2938 275 3026 angrutior
291 2931 457 3003 redditus
476 2936 722 3028 regurgitanti
735 2934 909 3025 sanguim
920 2950 996 2998 non
1009 2931 1095 3021 sus·¹

83 3046 261 3138 sicientem
285 3055 481 3119 transitum
507 3026 696 3120 concedat.
720 3046 833 3137 Quod
851 3050 881 3117 si
903 3020 1099 3118 credibile*

92 3178 154 3252 est,
170 3165 214 3235 ab
229 3166 351 3237 'altero
371 3165 536 3237 Scheidii
551 3156 977 3261 ossiculorumponder'e
993 3190 1082 3255 suo,

93 3278 167 3350 licet
181 3291 330 3379 exiguo,
353 3308 432 3355 esse
452 3285 679 3381 praestitum3
697 3299 801 3354 tanto
815 3281 853 3351 id
869 3280 1085 3355 credibilius

60 3446 62 3450 ψ
92 3397 154 3468 erit
180 3400 225 3471 ab
250 3414 403 3489 nostro,
430 3417 574 3498 quanto
600 3418 641 3472 ut
667 3398 947 3500 magnitudine,
968 3402 1020 3472 sic
1048 3417 1085 3473 et

92 3517 247 3607 pondere
270 3517 478 3618 superabat.
498 3533 503 3539 ’
737 3510 761 3551 ⁸

135 3634 187 3704 23.
223 3637 416 3732 Ejusmodi
443 3651 568 3707 tamen
602 3639 895 3708 coarctationem
915 3650 957 3707 nt
984 3639 1083 3706 exci-

126 3911 166 3990 (1)
184 3919 271 3992 Epist.
288 3923 377 3977 Anat.
397 3925 429 3987 l,
448 3940 478 3974 n.
498 3939 543 3976 11.

125 4011 166 4089 (a)
185 4018 259 4075 Diss.
274 4038 365 4093 supra
377 4020 457 4075 adn.
477 4038 530 4089 21,
547 4019 597 4075 cit.
614 4031 717 4092 quaest.
733 4026 749 4084 t.
767 4030 796 4073 et
814 4017 840 4073 5.
