2798 4668
181 375 268 464 'cm
296 415 321 462 1.
348 415 395 461 nn
421 412 556 463 nonnis
581 402 736 479 cirrus,
762 413 873 463 amsr.
899 418 949 463 11.
1010 390 1077 493 557

128 526 385 613 Venternihil,
396 541 529 625 praetcr
540 528 715 598 intestina
725 551 809 599 aere
820 529 981 627 turgida,
990 556 1079 628 prce·

78 639 164 739 buit
182 645 452 718 adnotandum.
464 643 642 717 Thoracis
653 646 801 716 sinistra
817 670 928 743 cavea
942 673 1079 745 aquam

80 765 231 852 habuit,
247 763 312 835 sed
329 754 508 861 paucam:
525 763 676 835 dextera
687 765 920 860 superiorem
935 766 1082 863 pulmo·

80 884 141 953 nis
158 881 291 954 lobum
314 905 360 951 ex
381 881 490 978 nigro
513 904 772 978 purpureum,
799 879 957 971 durum,
978 907 1083 954 com-

81 1014 267 1098 pactaque
291 997 507 1070 substantia.
534 995 636 1068 Nihil
656 1021 761 1095 aquae
787 997 826 1066 in
849 999 1082 1095 pericardio:

82 1141 151 1187 cor
165 1130 290 1187 autem
303 1114 397 1186 adeo
413 1113 629 1203 flaccidum,
647 1128 688 1184 ut
698 1139 892 1211 nunquam
906 1131 1015 1189 antea
1032 1119 1084 1189 sic

81 1232 279 1321 vidissem3
298 1233 338 1303 in
356 1256 394 1304 se
410 1233 511 1303 enim
530 1233 581 1303 ita
598 1231 829 1321 conciderat,
845 1234 907 1303 vix
923 1248 966 1305 ut
980 1234 1086 1333 digiti

83 1349 556 1445 crassitudinem‘aequaret.
569 1347 641 1419 Sed
651 1363 688 1420 et
698 1350 858 1421 musculi
874 1350 937 1420 alii
951 1352 1087 1424 laxissi-

83 1468 150 1539 mi.
171 1468 362 1552 Ecranio,
380 1468 479 1538 inter
489 1466 712 1556 secandum,
725 1492 823 1564 aqua
839 1466 995 1541 defluxit
1008 1494 1087 1541 non

83 1610 229 1686 pauca:
249 1611 331 1683 quae
349 1610 438 1656 mox
455 1600 492 1657 et
508 1584 556 1656 ad
571 1584 718 1657 cerebri
739 1582 879 1676 basim,
896 1603 933 1658 et
952 1589 994 1658 in
1008 1613 1089 1660 ver·

84 1702 281 1775 tebrarum
300 1702 394 1775 tubo
405 1717 606 1801 conspecta
616 1717 681 1776 est.
691 1708 736 1774 ln
749 1703 968 1776 lateralibus
977 1707 1089 1777 etiam

15 1828 16 1835 ’
85 1820 308 1892 ventriculis
325 1821 452 1917 aliqua
468 1821 549 1917 ejus
565 1821 691 1918 portio
708 1817 781 1891 fuit
798 1848 805 1891 ε
829 1823 950 1918 major
964 1837 1090 1917 autem

15 1946 16 2033 J
86 1935 229 2037 fuerat,
245 1953 291 2010 ut
301 1939 459 2036 opinor,
479 1936 550 2009 sub
563 1940 668 2013 tenui
684 1939 881 2038 meninge3
899 1939 977 2015 baec
991 1955 1091 2013 certe

15 2072 17 2093 ³
88 2081 167 2155 qua
185 2056 297 2128 sulcis
317 2057 415 2127 inter
431 2052 619 2128 anfractus
635 2055 780 2128 cerebri
797 2057 1001 2154 interjectis
1017 2082 1094 2133 res-

15 2208 16 2211 *
87 2172 301 2275 pendebat,
321 2173 601 2272 propemodum
624 2173 819 2246 albicabat.
841 2178 976 2247 Praeter
996 2175 1094 2264 baec,

15 2290 16 2329 ³
88 2292 188 2367 nihil
207 2293 248 2362 in
269 2290 457 2380 cerebro,-
475 2306 540 2362 aut
561 2290 754 2363 vcerebello
774 2290 1016 2364 adnotatione
1041 2293 1096 2364 di·

15 2422 16 2449 ³
87 2434 227 2509 guum,
248 2409 322 2480 nisi
335 2407 494 2513 quod'in
515 2407 629 2504 plexu
645 2407 848 2495 choroidc,
863 2408 993 2480 saltem
1012 2434 1034 2479 a
1051 2412 1095 2481 si·

15 2562 16 2567 ¹
89 2526 235 2614 nistris‚
255 2524 427 2596 vesiculae
448 2538 554 2595 erant
570 2546 666 2620 aqua
679 2523 843 2620 turgidae.

147 2647 201 2730 14.
229 2643 334 2715 Senis
357 2641 502 2736 hujus,⁴
518 2663 633 2737 quem
658 2639 851 2738 pulmonis
873 2644 1021 2736 sustulit
1041 2646 1098 2716 in-

92 2759 317 2849 flammatio,
333 2758 567 2857 hemiplexiae
583 2781 732 2830 causam
745 2759 826 2830 noli
840 2759 994 2833 credere
1008 2787 1098 2836 ame

91 2875 202 2949 facile
219 2878 320 2948 iniis
340 2875 451 2947 statui
468 2874 658 2964 vesiculjs²
681 2864 763 2972 quae
778 2877 816 2945 in
834 2891 939 2974 parte
954 2881 1099 2952 resolu-

92 3011 141 3069 tae
160 2995 331 3093 opposita
345 2991 566 3090 turgebant3
585 2993 637 3063 sic
656 2993 757 3064 euim
783 2992 913 3090 saepius
935 2996 995 3065 vel
1021 3000 1100 3070 sine

93 3112 175 3213 ulla
186 3112 347 3211 paralysi
361 3111 531 3181 invenire
544 3111 816 3183 consuevimus.
836 3111 957 3183 Multo
976 3108 1101 3189 autem

94 3231 268 3304 minusin
274 3251 371 3326 aqua
378 3241 500 3299 statuo
506 3227 603 3298 intra
611 3228 946 3325 craniumreperta,
960 3233 1103 3331 quippe

96 3373 183 3448 quae
199 3372 279 3419 non
287 3345 478 3423 sinistram
492 3344 609 3442 magis
629 3344 774 3417 cerebri
792 3360 938 3441 partem
955 3370 1104 3444 preme-

96 3467 180 3554 bat,
199 3488 314 3562 quam
337 3463 540 3546 dexteram.
562 3462 675 3552 Quod
698 3463 817 3532 miror
838 3462 1043 3559 quosdam,
1067 3482 1105 3538 et

68 3636 71 3640 -
98 3586 143 3654 in
159 3581 219 3654 bis
236 3580 451 3668 Willisium‚
478 3592 521 3649 ut
542 3579 582 3649 iu
601 3579 767 3650 sectione
783 3580 852 3650 ista
869 3581 1106 3678 Sepulchrcti

99 3703 181 3772 XV.
194 3697 359 3797 (1)vides
370 3696 462 3791 (nisi
473 3695 566 3792 quid
574 3692 669 3767 forte
678 3694 951 3794 Lugdunensis,
964 3697 1105 3770 nedum

145 3981 192 4060 (1)
210 3983 284 4043 obst
299 4002 319 4059 9
331 4003 399 4042 cum
411 3983 511 4043 Schol.
