2780 4666
157 494 159 498 ,
231 445 300 492 nra.
328 444 352 491 r.
380 445 428 492 nn
453 444 908 513 nonnrscarrrrs,rr1sr.
936 454 968 499 v.
1027 433 1097 531 289

96 571 160 629 tur
176 554 401 657 quemdam,
415 561 474 631 cui
493 561 532 630 in
551 563 730 632 Patauino
747 566 967 637 nosocomio
979 592 1098 666 aegro·

97 677 192 746 tanti
220 677 300 774 ipse
326 702 371 748 ex
396 674 520 749 officio
543 677 711 751 medicus
730 676 870 769 fuerat,
888 707 975 753 eum
996 709 1098 756 rnor-

95 808 209 864 tuum
227 792 368 881 incidi,
398 819 437 865 se
469 795 721 892 inspectante,
746 792 935 891 jussisset,
964 801 1097 872 eodem

97 909 179 997 die,
201 912 266 1006 qui
286 910 366 981 dies
378 907 449 982 fuit
468 914 529 980 IX.
547 910 619 982 kal.
642 911 779 1008 apriles
795 915 884 985 anni
907 922 998 1012 1740
1017 943 1098 989 rem

32 1052 37 1067 ’
96 1027 193 1097 mihi
210 1028 250 1096 in
266 1025 370 1099 hunc
382 1026 537 1098 modum
550 1029 733 1124 exposuit.

98 1137 100 1141 ¹
150 1142 207 1216 15.
227 1147 382 1233 Senem,
400 1146 466 1241 qui
479 1169 525 1216 ex
536 1147 656 1217 cruris
673 1146 799 1217 ulcere
813 1146 1029 1238 laborabat,
1044 1177 1099 1224 re·

94 1276 211 1358 pente
232 1262 363 1359 capitis
383 1260 493 1331 dolor
513 1260 725 1359 prehendit.
744 1267 837 1334 Cum
855 1265 1012 1336 cerebro
1033 1269 1099 1338 ali-

95 1377 191 1474 quid
207 1380 347 1450 instare
365 1378 523 1476 periculi
545 1378 759 1467 videretur3
780 1404 825 1451 eo
846 1383 968 1451 statim
988 1408 1098 1457 mane

21 1532 23 1536 .
96 1497 249 1592 sanguis
273 1511 329 1567 est
347 1498 494 1568 missus.
514 1494 768 1569 Nihilominus
803 1497 898 1568 hora
922 1500 1099 1597 vigesima

95 1613 241 1711 ingruit
257 1612 472 1709 apoplexia,
501 1637 588 1683 cum
610 1611 849 1684 dexterorum
870 1630 1021 1687 artuum
1037 1643 1097 1690 re-

94 1729 298 1800 solutione.
316 1729 411 1799 Huic
423 1729 604 1799 resolutio
616 1729 770 1800 accessit
781 1727 1002 1803 inferiorum
1020 1759 1099 1806 om·

94 1848 203 1917 nium
224 1845 415 1942 partium,
432 1846 583 1914 etintra
600 1844 741 1942 paucos
759 1847 838 1919 dies
857 1873 969 1920 mors.
1076 1890 1082 1903 ι

144 1962 313 2033 Calvaria
330 1974 493 2047 exsecta,
508 1960 644 2030 arteria
652 1960 716 2030 illa
727 1962 766 2031 in
776 1987 888 2058 quam
901 1963 1100 2040 confluunt

94 2077 348 2163 vertebrales,
365 2091 402 2147 et
416 2100 498 2172 quae
518 2078 632 2174 super
644 2076 824 2148 callosum
841 2104 978 2179 corpus
994 2099 1097 2156 recta

94 2195 308 2281 ducuntur,
327 2193 509 2290 sanguine
527 2208 634 2263 erant
651 2194 829 2290 turgidae3
849 2196 993 2293 reliqua
1013 2224 1098 2275 vasa

95 2338 177 2385 non
204 2313 306 2383 item.
336 2315 380 2381 In
406 2310 617 2383 ventriculo
642 2325 806 2408 utroque
840 2312 982 2384 laterali
1017 2342 1095 2391 non

94 2436 214 2530 pauca
231 2453 349 2528 aqua,
370 2442 408 2499 et
422 2427 555 2526 plexus
572 2427 772 2499 choroides
786 2428 926 2524 pallidi.
943 2435 1097 2529 Septum

94 2548 264 2621 lucidum
281 2547 446 2618 anterius
460 2545 685 2641 disruptum.
711 2544 782 2614 Sed
809 2545 912 2642 quod
936 2550 1097 2624 maxime

93 2669 133 2738 in
155 2665 289 2737 oculos
308 2665 487 2749 incurrit,
509 2662 631 2732 omnis
654 2660 872 2732 medullaris
891 2663 1096 2738 substantia

93 2782 348 2882 hemispherii
376 2779 517 2855 dexteri
544 2777 651 2848 valde
681 2773 783 2849 fusca
808 2793 907 2866 erat;
936 2762 1033 2851 non'
1048 2784 1096 2854 si-

91 2903 216 2974 nistri.

145 3020 202 3091 16.
228 3022 312 3090 Haec
329 3015 496 3089 audienti
514 3013 632 3102 mihi,
653 3010 848 3084 confestim
866 3016 907 3083 in
931 3032 1095 3088 mentem
1188 3002 1192 3009 .

91 3138 198 3210 venit
217 3135 419 3208 sacerdotis
449 3133 696 3218 Veronensis,
725 3133 764 3200 in
792 3156 869 3227 quo
896 3134 1096 3229 apoplexia

91 3268 251 3353 repente
270 3253 437 3340 sublato,
456 3267 593 3337 totam,
613 3266 655 3320 ut
667 3250 756 3319 alias
768 3246 814 3318 ad
827 3263 866 3319 te
877 3248 1007 3347 scripsi
1022 3251 1095 3348 (1),

92 3371 341 3444 medullarem
364 3369 509 3442 cerebri
530 3368 773 3440 substantiam
798 3362 939 3436 fuscam
961 3365 1095 3440 factam
1164 3366 1167 3371 ’

92 3489 279 3562 adnotavi.
307 3486 499 3584 Quidquid
517 3484 610 3555 illud
642 3499 715 3570 est;
738 3482 844 3579 quod
873 3486 1094 3581 sanguinem

90 3633 173 3680 non
185 3607 326 3696 videri,
346 3621 437 3678 tunc
451 3604 582 3675 monui
595 3630 606 3691 3
621 3602 723 3673 unde
739 3602 804 3671 illa
826 3600 985 3673 candida
1004 3602 1094 3673 sub-

130 3968 175 4046 (1)
195 3969 291 4045 Epist.
308 3971 341 4038 l,
357 3985 387 4024 n.
406 3985 453 4024 ar.

167 4113 198 4158 1.
