2774 4666
191 459 257 503 ma.
286 457 311 501 1.
338 456 386 501 nn
411 454 548 505 nonnis
572 453 731 516 carum,
755 444 866 501 rrtsr.
895 454 951 500 111.
1009 427 1076 516 185

81 586 166 644 tram
185 584 331 668 partem
347 568 660 667 cerebri-sanguis
684 544 927 653 excurrebat3
945 579 986 635 ut
1005 566 1077 634 mi·

81 690 170 760 nime
183 688 312 760 mirari
327 700 519 785 oporteat,
537 688 568 758 si
580 684 889 757 tenuissimorum
897 705 1076 754 vasorum

83 807 211 878 tunicis
226 804 274 876 ab
291 831 337 876 eo
348 884 351 893 ,
362 805 476 876 latere
495 804 632 875 sensim
651 804 791 900 magis,
808 802 1001 900 magisque
1022 801 1077 870 in-

83 919 244 1010 firmatis,
272 938 456 1019 auctaque
476 946 563 994 cum
587 911 669 992 osse
696 919 742 991 de
763 943 841 1016 quo
862 918 1084 1016 loquimur,

82 1040 354 1138 longitudinalis
363 1041 466 1112 sinus
476 1038 741 1123 coarctatione,
754 1036 903 1133 sanguis
912 1035 1077 1134 denique

84 1181 152 1229 uon
170 1157 285 1229 modo
302 1183 322 1228 a
337 1158 514 1245 sinistris,
535 1155 724 1231 sedetiam
744 1153 803 1225 ad·
815 1154 1003 1225 anteriora
1023 1148 1076 1223 ef-

84 1271 179 1347 fusus
197 1277 265 1379 Sit)
283 1277 425 1373 quippe
442 1272 545 1345 unde
566 1259 709 1343 ineam
728 1273 832 1343 sinus
850 1285 995 1369 partem
1015 1270 1077 1342 de-

84 1391 187 1464 bebat
205 1418 383 1491 pergere,
401 1392 463 1463 cui
479 1392 576 1489 parti
592 1390 906 1488 impedimentum
922 1387 1076 1484 objicie-

84 1506 194 1581 batur.
214 1512 301 1580 Non
321 1532 403 1581 sum
417 1510 588 1597 nescius,
602 1507 649 1578 ab
658 1509 738 1579 aliis
755 1531 909 1604 quoque
923 1559 934 1594 ,
947 1506 1023 1576 imo
1039 1521 1077 1582 et

85 1649 175 1698 ame
190 1627 278 1698 alias
302 1624 357 1723 (ι)
376 1625 546 1698 eamdem
571 1623 822 1697 vertebralem
838 1624 1012 1695 arteriam
1030 1649 1077 1695 ex

86 1760 216 1843 magnae
235 1769 327 1815 arcu
342 1760 489 1816 enatam
505 1745 544 1814 in
559 1742 755 1814 nonnullis
768 1756 957 1840 repertam
974 1765 1078 1829 esse,

86 1863 144 1957 qui
160 1861 314 1933 obnoxii
330 1862 474 1934 morbis
498 1862 628 1959 capitis
654 1873 799 1950 essent,
818 1884 866 1930 an
879 1882 980 1946 non,
1006 1881 1076 1929 nec

87 1980 169 2051 scire
186 1981 264 2078 ipse
281 1980 410 2078 potui,
429 2005 500 2051 nec
526 1978 572 2050 ab
588 1978 661 2050 illis
675 1979 831 2051 memini
845 1968 1076 2047 adnotatum.

86 2094 254 2195 Idemque
275 2096 322 2168 de
342 2096 467 2194 ampla
481 2079 721 2171 ‘anastomosi
749 2093 917 2165 basilaris
936 2094 1078 2164 arteriae

88 2235 163 2285 cum
180 2216 358 2286 alterutra
376 2198 558 2301 carotide,
575 2212 781 2303 nullarum
801 2211 915 2282 altera
936 2209 1079 2281 dictum

91 2345 179 2430 puta.
198 2332 411 2403 Ossiculum
442 2346 565 2403 autem
590 2331 631 2399 in
657 2328 824 2425 quodam
850 2329 952 2414 viro,
980 2310 1080 2398 nun-

89 2471 189 2542 quam
202 2465 404 2547 propterea
422 2448 469 2520 de
483 2448 612 2545 capitis
630 2445 762 2517 dolore
782 2460 940 2543 questu,
964 2468 1080 2541 supe·

88 2564 168 2635 riori
198 2565 486 2665 longitudinalis
511 2566 614 2636 sinus
643 2565 741 2661 parti
772 2564 946 2632 innatum
979 2585 1086 2649 esse,

90 2682 154 2751 scio
170 2682 247 2779 (a),
265 2708 380 2781 quem
394 2684 516 2754 sinum
532 2681 621 2752 inde
638 2681 779 2777 premi,
796 2679 1008 2775 arctarique
1017 2677 1079 2747 de·

90 2794 225 2889 buisse,
256 2801 437 2899 intelligo.
465 2799 537 2870 Sed
565 2799 643 2869 haec
670 2797 782 2868 simul
811 2797 958 2883 omnia,
975 2809 1016 2865 ut
1041 2796 1080 2867 in

92 2933 226 3007 nostru,
243 2932 392 3014 reperta
409 2915 546 3005 luisse,
564 2940 651 2989 ‚non
671 2913 862 2989 recordor.
881 2917 930 3003 Et,
942 2912 989 2982 de
1006 2912 1080 2983 hoc
1140 2972 1143 2980 t

91 3034 233 3133 quidem
246 3034 482 3133 apoplectico
495 3034 688 3105 hactenus.
800 3017 802 3022 ’

132 3158 185 3241 ²4·
220 3153 468 3227 Bononiensis
496 3177 613 3249 puer,
645 3148 932 3246 quatuordecim
963 3173 1083 3222 annos

93 3283 206 3358 natus,
222 3271 365 3367 capillis
382 3270 516 3367 nigris,
534 3293 555 3338 a
572 3266 768 3339 lumbricis
786 3267 912 3337 vexari
932 3268 1082 3355 solitus,

94 3399 124 3460 et
138 3384 257 3476 facile,
285 3391 361 3459 sive
385 3409 522 3484 corpus
547 3400 755 3472 exerceret,
782 3386 858 3456 sive
887 3383 933 3456 ad
956 3386 1083 3483 ignem

95 3505 309 3593 consideret,
324 3500 539 3602 profusioni
550 3503 742 3601 sanguinis
756 3525 824 3598 per
836 3526 945 3573 nares
961 3503 1085 3591 obno-

94 3620 179 3708 rius,
197 3621 373 3720 idemque
389 3622 562 3719 spiritum
580 3621 658 3693 vini
670 3619 783 3716 paulo
793 3619 1084 3717 saepiusbibens,

128 3901 168 3979 (1)
187 3906 270 3981 Epist
285 3904 337 3975 15,
351 3926 382 3960 n.
400 3924 450 3975 aa,
464 3917 492 3961 et
510 3903 602 3979 Epist.
620 3901 674 3973 56,
688 3922 718 3957 n.
735 3921 770 3957 10
783 3914 812 3959 et
827 3922 876 3961 ar,

29 4058 34 4075 ,
129 4001 168 4081 (a)
188 4008 351 4067 Commerc.
366 4006 471 4067 Litter.
484 4024 533 4066 an,
549 4005 622 4077 1737
634 4046 642 4075 ,
654 4003 749 4069 Hebd.
764 4004 813 4070 34.
