2784 4668
213 467 282 516 mn.
309 464 336 514 r.
364 466 410 513 na
436 464 753 529 ercammarus,
779 448 889 512 nrrsr.
918 466 942 511 1.
1035 444 1077 516 81

81 579 269 670 censibus,
293 576 561 652 existimarunt.
589 578 688 650 Illud
714 581 812 651 inter
836 579 932 651 duos
956 580 1084 653 claris·

78 699 192 770 simos
212 698 316 769 viros
337 684 432 794 quos
456 697 581 794 primo
607 695 694 767 loco
718 696 980 786 laudavimus,
1004 723 1085 769 non

78 815 162 886 satis
193 815 398 900 convenit,
422 814 528 910 cujus
554 828 721 902 naturae,
746 829 783 887 et
805 841 880 913 qua
904 842 949 886 ex
979 832 1086 914 parte

76 929 247 1003 remedia
263 930 478 1002 adhihenda
492 932 588 1018 sint,
602 946 675 1002 ute
690 930 844 1002 naribus
862 931 1084 1004 educantur.

77 1049 200 1138 Quam
216 1049 512 1120 controversiam
528 1049 640 1147 plane
653 1048 829 1120 dirimere
840 1074 886 1120 eo
899 1047 1087 1124 difficilius

79 1162 236 1237 fortasse
258 1181 334 1254 est,
352 1165 457 1264 quod
469 1167 579 1254 alias,
596 1182 637 1239 ut
656 1165 760 1238 vides
774 1166 866 1255 ‚alio
886 1191 1088 1263 exgenere

78 1308 227 1356 vermes
249 1299 360 1372 sunt,
383 1300 425 1355 ut
448 1284 583 1377 iisdem
607 1310 687 1356 non
708 1310 858 1383 semper
880 1284 996 1357 rebus
1024 1300 1089 1358 aut

80 1399 228 1500 fugari,
260 1418 324 1474 aut
349 1403 446 1474 allici
477 1427 586 1503 posse
618 1404 827 1476 videantur.
858 1407 908 1476 Ut
939 1420 980 1476 ut
1007 1405 1089 1475 haec

83 1533 169 1590 sunt
179 1546 190 1607 ;
199 1545 212 1615 J
219 1518 482 1605 uvabit'tamen
492 1546 562 1618 per
571 1546 652 1618 quae
666 1537 702 1591 et
712 1521 906 1617 quomodo
916 1521 1090 1619 plerique

83 1635 210 1708 educti
222 1634 365 1708 fuerint
377 1691 387 1724 ‚
400 1661 444 1707 ex
459 1637 614 1707 medicis
626 1635 817 1725 historiis,
835 1639 1063 1736 cognoscere
1079 1666 1089 1710 t

40 1770 43 1771 ’
83 1748 127 1825 ad
143 1779 243 1852 quas
260 1754 374 1827 addes
392 1780 475 1850 quae
494 1757 534 1824 in
554 1756 644 1826 actis
660 1754 713 1851 (1)
731 1770 830 1825 extat
844 1756 1001 1827 laudatae
1019 1762 1091 1830 Cae-

84 1894 193 1943 sareae
207 1871 417 1943 Academiae
427 1886 488 1959 ,et
501 1896 584 1968 quae
599 1873 640 1942 in
654 1874 891 1943 Commercio
909 1873 1092 1947 litterario

83 1988 479 2087 Norimbergensi(2),
499 1991 687 2088 praecipue
698 2006 821 2063 autem
843 2017 925 2088 quae
943 1993 984 2062 in
996 1995 1091 2063 Prae-

82 2102 314 2179 lectionibus
342 2107 414 2176 viri
433 2108 559 2179 eximii
587 2106 818 2180 Bornnisvu
846 2109 894 2179 ad
920 2134 1005 2182 suas
1024 2113 1093 2182 Rei

84 2222 241 2304 Medione,
258 2224 511 2297 institutiones
528 2224 583 2323 (3)
601 2225 668 2298 ubi
685 2241 850 2298 sanatam
866 2226 914 2298 ab
934 2252 972 2299 se
990 2228 1094 2326 puel·

84 2339 156 2413 lam
189 2359 399 2430 memorat,
425 2344 531 2439 cujus
558 2344 739 2441 pituitarii
768 2344 873 2415 sinus
901 2343 1094 2417 vermibus

87 2482 221 2530 omnes
240 2475 349 2531 erant
365 2460 477 2559 pleni.
500 2460 689 2551 Quoniam
708 2475 834 2533 tamen
853 2459 1096 2535 frontales'ut

86 2578 300 2676 plurimum
321 2578 493 2674 incolunt
510 2559 639 2679 sinus,
663 2579 767 2677 quod
791 2582 915 2678 prima
935 2605 977 2652 ac
999 2605 1095 2678 prae-

88 2695 200 2795 cipua
212 2697 467 2768 molestissimi
480 2696 622 2768 doloris
633 2697 759 2785 sedes,
774 2723 860 2769 cum
872 2722 984 2768 seusu
1001 2684 1095 2795 prae-¹

88 2818 217 2886 sertim
239 2813 433 2902 rodentis,
462 2839 576 2913 seque
597 2816 782 2886 moventis
800 2814 966 2885 bestiolae
987 2840 1097 2914 saepe*

89 2916 253 3008 uumerd
280 2938 496 3039 conjuncti,⁴
518 2939 558 3007 in
580 2938 794 3009 alterutrius
817 2938 920 3008 sinus
941 2939 1096 3037 regione

90 3053 254 3144 indicat3
273 3055 415 3126 idcirco
429 3056 608 3141 Littrius,
629 3056 659 3126 si
679 3054 775 3124 nihil
794 3054 865 3125 alia
884 3058 1012 3126 omnia
1031 3081 1098 3126 au·

89 3173 173 3244 xilia
188 3171 438 3272 prodessent,
448 3173 496 3243 ad
514 3173 741 3271 chirurgiam
759 3171 925 3270 denique
938 3196 1009 3245 nec
1027 3172 1099 3244 dil-

92 3286 255 3378 ficilem,
280 3316 351 3362 nec
375 3290 623 3388 periculosam
653 3292 693 3360 in
721 3314 804 3362 osse
830 3287 965 3362 frontis
987 3291 1100 3364 deve-

93 3410 278 3482 niendum
296 3433 397 3495 esse,
417 3409 572 3480 censuit.
592 3406 679 3479 Non
691 3407 824 3480 dubito
841 3424 965 3480 autem
981 3462 991 3496 ,
1006 3411 1101 3505 quin

95 3528 268 3600 eamdem
284 3526 534 3616 intellexerit,
556 3550 630 3629 qua
649 3526 741 3596 olim
758 3551 868 3599 usum
885 3552 964 3599 esse
984 3532 1101 3599 Caesa-

150 3815 180 3893 ι)
198 3819 287 3873 Tom.
305 3822 338 3884 l„
356 3815 420 3871 obs.
434 3815 481 3871 30.

147 3916 178 3993 a)
200 3918 259 3972 An.
281 3913 374 3989 1739,
388 3916 484 3975 Hehd.
499 3934 555 3987 21,
574 3917 617 3988 11,
636 3935 666 3972 n.
682 3915 708 3973 3.

135 4016 167 4095 (3
203 4017 254 4074 Ad
267 4019 284 4090 ς
298 4033 367 4092 79²·

132 3817 145 3894 (

132 3916 146 3994 l
