2774 4670
315 424 388 511 464
479 446 526 494 ra
551 442 696 493 senmns
719 444 764 490 nr
788 441 911 491 csusrs
935 442 1145 492 nonnosum

316 583 400 629 rum
427 559 467 629 in
498 556 686 629 medendo
719 557 937 653 magistrum
968 572 1131 630 sectarer
1159 560 1304 657 Hippol

315 680 444 747 Franc.
460 674 714 761 Albertinum,
729 672 884 746 memini
906 676 1237 771 generosissimum
1254 678 1307 747 in·

314 805 372 864 ter
394 791 650 862 Bononienses
674 788 1019 877 adolescentulum,
1039 815 1143 863 nunc
1157 796 1307 864 Senato-

313 934 393 980 rem
411 906 703 1004 amplissimum,
718 930 764 977 ex
786 921 931 978 terrore
953 907 1132 1005 epilepsia
1146 909 1306 1007 prehen-

314 1049 418 1112 sum,
443 1048 524 1121 quae
551 1023 748 1122 sepissime
771 1022 1047 1113 revertebatur,
1073 1026 1125 1096 ob
1151 1051 1307 1125 eamque

312 1166 410 1239 aqua
427 1155 595 1212 utentem
612 1164 651 1210 rn
667 1163 740 1234 qua
759 1137 902 1227 herbae,
921 1139 1095 1211 betorica
1108 1194 1118 1227 ,
1129 1144 1306 1238 primula·

312 1260 428 1346 veris,
446 1258 617 1345 melissa,
638 1271 675 1330 et
686 1255 851 1330 carduus
863 1255 1087 1349 benedictus
1099 1273 1220 1329 coctae
1236 1258 1307 1331 fue·

311 1391 415 1462 rant,
432 1374 585 1471 adjectis
603 1373 757 1472 guttulis
773 1374 924 1471 spiritns
945 1375 1137 1472 sanguinis
1153 1374 1307 1447 humani

311 1492 515 1563 admodum
530 1491 678 1590 paucis,
696 1491 842 1561 urinam
867 1514 944 1562 non
970 1491 1091 1561 solum
1110 1516 1230 1590 supra
1246 1518 1306 1591 po

311 1610 457 1680 tionum
467 1608 640 1695 modum,
653 1606 717 1678 sed
730 1605 775 1677 ad
787 1608 1306 1705 unciasnonagintaquotitlie

310 1724 468 1797 reddere
481 1725 645 1821 coepisse.
658 1727 753 1794 Cum
763 1747 853 1793 vero
864 1747 988 1820 neque
998 1739 1101 1795 tanta
1113 1727 1307 1814 urinaevis,
1381 1754 1382 1769 ¹

310 1866 435 1940 neque
449 1842 554 1912 alvus
563 1841 693 1939 saepius
709 1865 778 1939 per
794 1864 832 1913 se
851 1837 992 1928 fusior,
1007 1842 1226 1913 insultuum
1243 1869 1307 1914 nu·

310 1983 477 2044 merum,
493 1975 557 2030 aut
567 1957 841 2031 vehementiam
850 1973 1087 2045 minuere-nu
1103 1982 1308 2033 conversus

310 2075 430 2148 adme
447 2075 679 2159 Albertinus,
694 2076 803 2161 huic,
819 2075 962 2172 inquit,
986 2076 1016 2146 si
1038 2077 1099 2148 vel
1115 2102 1236 2149 omne
1256 2103 1308 2150 se·

309 2214 395 2262 rum
419 2215 479 2262 ars
507 2191 738 2278 exhauriret,
765 2188 903 2261 frustra
930 2188 1046 2280 foret,
1070 2192 1233 2288 quando
1260 2196 1307 2266 sic

310 2308 405 2379 nihil
423 2306 574 2407 proficit
588 2310 667 2405 ipsa
685 2315 828 2379 natura.

359 2430 478 2527 Igitur
504 2428 564 2498 hic
588 2429 782 2525 intelligis,
808 2453 933 2500 serum
961 2454 1086 2528 neque
1116 2454 1140 2501 a
1166 2434 1306 2529 primo,

310 2571 434 2644 neque
448 2562 577 2645 postea
588 2546 691 2617 hunc
703 2545 879 2618 morbum
897 2545 1034 2619 iecisse.
1053 2548 1168 2638 Quod
1188 2565 1228 2622 et
1250 2574 1306 2620 cu·

310 2667 406 2737 ratio
423 2661 666 2735 confirmavit.
686 2665 816 2760 Neque
830 2664 930 2734 enim
945 2687 1082 2760 aquam
1097 2664 1306 2753 educendo,

311 2782 412 2879 quod
431 2805 478 2851 ne
499 2781 606 2850 initio
621 2778 773 2875 quidem
791 2794 999 2878 spectatum
1014 2778 1159 2871 fuerat,
1176 2783 1246 2856 sed
1257 2800 1306 2854 tu·

308 2899 531 2987 multuarios
553 2911 675 2991 motus
691 2895 878 2986 sedando,
903 2899 1000 2967 intra
1021 2898 1122 2968 diem
1146 2901 1303 2997 quadra·
1378 2940 1379 2975 r

309 3019 490 3116 gesimum
501 3015 671 3087 absoluta
687 3028 751 3085 est.
770 3016 829 3085 Bis
845 3015 999 3110 quidem
1009 3016 1302 3112 singulisdiebus

309 3250 406 3322 nibil
428 3253 499 3321 nisi
525 3249 707 3321 distentos
730 3272 868 3320 nervos
888 3250 1100 3337 remittere,
1126 3251 1300 3350 laxasque

309 3390 455 3440 servare
474 3381 609 3464 posset.
637 3368 729 3436 Nam
754 3388 823 3462 per
845 3389 908 3436 eas
926 3367 1162 3439 accessiones
1186 3369 1301 3440 multo

308 3486 426 3582 magis
436 3509 547 3581 quam
567 3482 780 3568 cerebrum,
793 3483 932 3553 interni
945 3470 1181 3555 vexabantur
1190 3485 1301 3570 nervi,

308 3616 423 3697 atque
457 3600 622 3686 externi,
655 3612 967 3696 compertumque
1008 3596 1151 3689 fuerat,
1183 3600 1299 3697 juvari

307 3742 467 3816 aegrum,
483 3717 571 3787 dum
587 3716 723 3786 morbo
740 3716 1044 3804 concutiebatur,
1061 3720 1091 3788 si
1102 3741 1210 3814 spina
1225 3717 1299 3787 uni·

307 3861 412 3907 versa
437 3833 631 3906 fricaretur
655 3833 759 3904 molli
781 3834 924 3930 palma,
947 3833 1111 3930 oleoque
1128 3850 1242 3906 uncta
1259 3856 1298 3904 ex
1375 3850 1376 3855 ’

307 3950 480 4027 dulcibus
494 3950 699 4049 amygdalis
715 3974 847 4022 recens
861 3974 1057 4049 expresso,
1073 3953 1114 4023 in
1133 3974 1211 4048 quo
1229 3965 1298 4023 ter·

1380 1846 1382 1921 l

308 3159 378 3233 per
394 3135 519 3204 alvum
536 3133 659 3205 oleum
674 3126 960 3220 infundebatur,
980 3133 1045 3204 sed
1063 3134 1247 3233 simplex,
1266 3149 1302 3207 ut
1377 3178 1378 3219 ,
