2784 4668
315 426 381 474 rra
468 421 516 472 nr
541 422 686 471 snnrnus
710 423 755 470 rr
779 418 903 471 orons
928 420 1148 479 nonnonon.

311 537 476 626 revehit,
494 535 560 608 sed
571 537 777 625 interuam3
793 534 1115 634 sciebatquoque‚
1131 538 1223 612 huic
1234 541 1317 638 qui·

313 656 400 729 dem
418 679 544 744 venae,
563 678 643 724 non
657 653 731 741 itti,
750 654 1190 753 internam’respondere
1211 681 1319 729 caro-
1382 692 1383 701 ¹

311 773 453 863 tidem,
471 797 552 870 quae
564 770 612 843 ad
623 769 823 844 cerebrum
837 772 1059 869 sanguinem
1070 772 1227 846 adducit
1238 761 1321 864 ,illi

312 915 404 964 vero
424 904 616 962 externam
632 888 887 986 respondere,
904 913 986 987 quae
1002 882 1129 988 partes
1144 876 1327 966 allui'tca:

313 1010 403 1109 pitis
423 1022 525 1091 extra
539 1005 746 1100 cerebrum
760 1007 849 1078 sitas
866 1032 874 1075 ε
895 1006 943 1078 ad
962 1022 1127 1105 queant,
1144 1033 1244 1080 vena
1255 1009 1317 1081 illa

313 1142 465 1198 externa
482 1139 597 1213 aecta,
616 1125 734 1221 magis
750 1124 961 1196 resistentia
981 1125 1187 1215 minuitur,
1209 1124 1315 1199 ideo-

311 1268 386 1344 que
404 1243 489 1342 plus
509 1223 705 1347 sanguinis)
717 1239 836 1315 fertur
862 1267 931 1341 per
957 1257 1148 1315 externam
1178 1247 1315 1320 caroti-

304 1360 417 1449 dem,
439 1361 638 1431 sicminus
662 1357 842 1457 estquod
870 1359 919 1432 ad
941 1359 1141 1434 cerebrum
1172 1360 1315 1436 feratur

310 1502 380 1578 per
398 1460 596 1551 internam.
617 1478 747 1575 Neque
767 1476 830 1548 hic
845 1501 1004 1564 vereor,
1024 1504 1072 1551 ne
1087 1476 1183 1553 forte
1196 1479 1312 1570 dicas,

311 1594 493 1693 quasdam
512 1609 639 1665 tamen
657 1594 757 1665 inter
778 1608 970 1667 externam
990 1610 1028 1668 et
1047 1597 1237 1669 internam
1251 1601 1315 1695 <ju-

310 1711 622 1810 gularemveuam
640 1733 720 1782 esse
737 1713 1122 1802 communicationes;
1145 1715 1200 1784 sic
1209 1717 1311 1787 enim

267 1872 271 1878 ·
310 1826 435 1913 vides,
456 1849 536 1895 uon
552 1821 651 1894 effici
661 1840 703 1894 ut
712 1825 926 1898 immediate
941 1822 1124 1925 sanguise
1141 1829 1314 1923 cerebro,

309 1941 507 2039 multoque
527 1940 653 2011 minus
672 1954 715 2011 ut
730 1954 834 2012 tanta
856 1965 902 2012 ex
924 1966 970 2014 eo
989 1944 1181 2039 sanguinis
1202 1949 1314 2046 copia

310 2056 545 2155 detrahatur,
565 2070 705 2153 quanta
720 2080 789 2154 per
804 2057 981 2146 incisam,
999 2060 1030 2131 si
1041 2058 1187 2145 liceret,
1202 2062 1314 2162 jugu-

245 2210 248 2213 ·
309 2174 426 2265 larem
452 2174 639 2245 internam
659 2172 941 2263 detraheretur,
960 2177 1102 2275 quippe
1128 2200 1211 2274 quae
1233 2179 1315 2278 ipsa

310 2295 464 2394 quidem
485 2306 522 2363 et
538 2291 771 2363 continuatio
785 2306 841 2363 est
852 2316 984 2364 eorum
995 2294 1147 2366 sinuum
1160 2296 1200 2367 in
1216 2318 1314 2395 qnos

310 2435 475 2485 venosus
503 2408 649 2481 cerebri
676 2411 825 2508 sanguis
855 2411 1084 2502 corrivatur,
1110 2428 1148 2485 et
1175 2415 1313 2511 majori

308 2528 462 2629 praedita
472 2542 527 2601 est
535 2526 718 2599 diametro
732 2551 845 2626 quarn
859 2543 1028 2619 externa,
1040 2529 1182 2603 nedum
1194 2552 1309 2629 quam

307 2649 414 2746 parvi
434 2645 552 2744 aliqui
564 2659 724 2717 externae
742 2644 900 2732 surculi,
918 2669 1120 2743 quoscum
1140 2650 1186 2722 iis
1201 2673 1309 2722 com·

307 2765 500 2837 municare
527 2761 691 2850 sinibus,
709 2761 810 2835 ultro
831 2758 1078 2853 affirmamus,
1099 2767 1200 2840 inter
1217 2768 1310 2842 istos

307 2882 477 2955 surculos
495 2883 616 2979 ipsam
633 2878 857 2977 aliquando,
874 2881 905 2953 si
919 2882 969 2953 ita
983 2884 1057 2972 vis,
1070 2884 1307 2983 occipitalem

306 3024 440 3081 venam
457 2996 671 3071 referentes.
690 2999 772 3087 Qua
784 3020 831 3081 ex
847 3022 943 3069 vena
963 3016 1121 3098 propter
1138 3022 1220 3073 eam
1236 3003 1307 3074 im·

304 3115 505 3187 mediatam
527 3096 906 3187 communicationem
932 3120 1154 3214 sanguinem
1184 3120 1306 3192 detra·

303 3231 395 3305 here
419 3233 458 3302 in
480 3230 783 3329 multisquidem
804 3216 950 3304 cerebri
970 3230 1256 3324 affectionibus,
1270 3250 1307 3309 et

303 3346 497 3449 speciatim
521 3349 561 3418 in
586 3348 799 3421 contumaci
826 3349 992 3446 quodam
1021 3374 1065 3422 ac
1092 3348 1305 3449 perdifficili

301 3488 488 3563 soporoso
520 3465 656 3538 morbo
686 3492 707 3537 a
729 3490 791 3536 me
818 3464 1118 3538 commendatam
1142 3491 1241 3553 esse,
1264 3481 1305 3539 ut

303 3582 473 3656 laudatus
485 3583 610 3681 inquit
621 3579 814 3655 Heis'terus
827 3582 882 3681 (ι)
894 3584 1061 3673 invenies
1072 3582 1146 3682 (a),
1160 3609 1240 3656 non
1250 3584 1302 3657 sic

343 3864 389 3947 (ι)
409 3867 488 3924 Sect.
505 3866 556 3923 cit.
569 3883 595 3921 c.
610 3862 642 3936 ὅ,
653 3884 686 3921 n.
698 3883 727 3921 a.

342 3967 386 4046 (a)
407 3967 485 4027 Adr.
498 3968 587 4055 Anat.
599 3967 660 4036 vl,
672 3966 810 4025 Animad.
823 3965 872 4026 83.
