2774 4666
205 476 273 523 na.
300 476 325 521 1.
353 475 400 521 us
427 471 880 541 noanrscamr1s‚urrsr.
908 472 956 519 iv.
1015 447 1083 523 231

94 587 348 677 benehabere,
364 587 544 685 chirurgo
560 586 721 674 dixerat,
734 585 898 695 ideoque
911 584 1087 661 remediis

57 772 62 778 .
94 708 266 803 utiquam
284 706 450 803 primum
464 704 560 777 velle
575 718 797 802 opportuno
812 702 879 775 illo
892 702 984 773 anni
997 717 1105 803 tem-²

94 848 193 920 pore;
216 837 437 897 enatantem
452 822 591 909 mensis
602 822 667 895 ille
680 823 802 901 maius
819 844 898 917 quo
915 822 994 892 Tita
1010 818 1087 916 (1),
1159 858 1161 867 ‹

94 952 195 1037 atque
203 940 269 1013 alii
279 938 334 1037 (a)
349 941 389 1011 iu
399 939 473 1019 bac*
482 939 577 1013 urbe
591 954 748 1036 repente
756 932 949 1041 pbierant3
959 960 1088 1035 qtram·
1122 1008 1126 1016 .

94 1058 140 1129 vis
148 1072 372 1156 tempestate
392 1058 509 1146 sicca,
532 1072 572 1128 et
589 1056 707 1137 calida
729 1053 844 1145 facta3
861 1078 987 1129 nonus
1009 1055 1087 1149 jain

94 1190 179 1249 esset
194 1175 274 1249 dies
301 1164 362 1246 ex'
376 1199 454 1272 quo
472 1173 510 1271 id
533 1173 720 1247 acciderat
739 1173 894 1251 nemini.
912 1175 1089 1245 Coenatus

95 1307 279 1365 esttamen
296 1315 384 1367 curn
399 1290 614 1389 hospitibus
624 1289 811 1378 hilariter3
828 1287 1001 1367 sedintra
1011 1311 1088 1361 mu·

94 1408 195 1479 dum:
211 1433 379 1481 necsane
390 1410 649 1504 ,seucopiam,
663 1432 731 1479 seu
737 1406 955 1503 qualitatem
968 1419 1088 1479 atten-

97 1523 167 1614 das,
182 1550 338 1624 peccare
355 1527 394 1599 in
412 1524 524 1612 cibis,
550 1540 615 1595 ant
635 1523 857 1620 potionibus
881 1544 1088 1605 consueve-

94 1656 151 1712 rat.
167 1647 213 1715 At
229 1668 379 1716 summo
396 1641 612 1738 insequenti
624 1664 734 1729 mane
744 1642 783 1711 in
801 1640 899 1710 lecto
913 1653 1089 1711 mortuus

95 1758 255 1837 inventus
271 1750 346 1847 est,
372 1760 551 1857 supinus,
579 1757 712 1831 habitu
740 1757 987 1845 dormientis,
1008 1758 1087 1829 sine

95 1875 159 1947 ulla
174 1878 220 1949 ad
234 1903 279 1951 os
295 1900 448 1974 spuma,
473 1890 620 1948 tautum
637 1874 803 1947 brachiis
829 1873 924 1953 adeo
941 1875 1091 1981 rigidis,

96 2008 131 2064 ut
144 1996 217 2067 sine
232 1998 270 2065 vi
286 1994 422 2067 diduci
440 2019 521 2067 nan
537 2017 666 2090 posse,
682 1992 859 2079 viderim,
881 2016 967 2064 cum
985 2007 1087 2065 ante·

97 2134 194 2206 quam
204 2112 530 2210 advesperasceret
539 2111 697 2185 domum
705 2112 787 2204 ejus
802 2112 986 2183 venissem
1000 2134 1088 2181 eum

20 2284 21 2287 ,
97 2228 231 2327 collegis
252 2230 347 2303 meis
371 2222 649 2329 professoribus
672 2227 866 2307 medicinae
890 2228 1085 2326 primariis.

96 2346 275 2421 cadaveris
290 2344 402 2421 facies
412 2400 422 2434 ,
434 2361 470 2417 et
483 2347 665 2433 cervices,
681 2360 721 2417 et
732 2344 908 2432 dorsum,
922 2359 958 2415 et
973 2344 1089 2417 latera

97 2484 133 2532 ex
144 2462 329 2541 subruhro
345 2463 522 2537 livebant.
601 2510 604 2515 ,

134 2585 307 2659 cranium
324 2584 490 2680 primum
502 2582 673 2655 omnium
691 2582 808 2651 secari
817 2580 921 2674 jussi.
939 2576 983 2648 Id
996 2578 1088 2669 duna

96 2693 203 2789 fieret,
218 2727 299 2775 non
317 2723 460 2797 paucus
476 2696 619 2770 effluxit
640 2696 793 2792 sanguis
808 2695 936 2777 colpre
952 2718 1089 2791 prope-

96 2816 238 2891 modum
254 2817 438 2897 obsoleto.
466 2820 595 2889 Crassa
621 2814 776 2884 meninx
804 2811 852 2895 ad
881 2812 1089 2908 sagittalem

97 2946 247 3021 suturam
264 2949 344 3006 atra
361 2959 383 3005 a
398 2934 601 3030 sanguine,
627 2931 802 3024 cujusne
821 2930 993 3026 polyposi
1010 2931 1092 3026 qui·

97 3045 186 3137 dem,
201 3053 311 3149 eopia
325 3052 450 3149 aliqua
473 3051 631 3129 inventa
641 3061 699 3119 est
721 3048 761 3116 in
780 3043 883 3119 falcis
907 3045 1003 3117 sinu.
1022 3050 1088 3119 Te·

97 3167 171 3243 nuit
187 3170 372 3265 meningis
387 3190 473 3241 vasa
497 3167 678 3264 sanguine
701 3163 883 3249 distenta,
905 3178 948 3235 ut
963 3180 1003 3235 et
1027 3165 1090 3237 iiia

98 3301 169 3373 quae
178 3306 243 3380 per
257 3284 466 3379 lateralium
479 3281 778 3354 ventricuiurunr
789 3282 964 3377 parietes,
976 3294 1015 3353 et
1023 3304 1091 3378 per

97 3416 297 3495 supremam
319 3416 464 3500 partem
491 3414 632 3497 repunt
647 3399 828 3495 plexuurn
844 3395 1092 3495 chornidum,

97 3529 213 3587 catera
230 3519 460 3616 pallentium.
476 3519 578 3607 Quin
594 3515 811 3589 meduliaris
823 3514 970 3589 cerebri
987 3514 1091 3587 subs-

96 3634 200 3703 tantia
218 3632 320 3707 fusca
338 3651 417 3709 erat
431 3663 440 3724 3
459 3634 701 3713 credidissem
716 3657 742 3700 a*
755 3633 864 3731 capia
879 3633 1090 3729 sauguinis

133 3913 172 3989 tt)
192 3917 284 3991 Epist.
299 3912 332 3985 3,
349 3937 380 3973 n.
398 3938 442 3972 11.

132 4009 176 4088 (a)
190 4016 266 4073 lbid.
282 4034 313 4073 u.
326 4017 363 4073 26
379 4026 409 4073 et
420 4016 512 4089 Epist.
531 4007 613 4073 adet
625 4034 654 4069 n
669 4013 717 4071 35.
730 4013 800 4081 vid,
813 4010 887 4067 ibid.
903 4019 932 4065 et
944 4029 975 4065 ιι.
990 4029 1036 4079 ις’.
