2774 4670
177 453 243 501 nra.
271 454 296 500 1.
323 451 531 502 cartennas
555 454 712 521 ctrrrrs,
738 458 849 505 amer.
877 462 925 506 rx.
977 439 1042 524 461

61 566 107 638 ad
117 566 245 638 uncias
261 551 370 655 duas,
381 581 422 637 ut
438 566 531 639 mihi
548 571 723 641 Bononiae
736 572 846 642 etiam
872 587 952 643 tum
974 589 1050 647 stu·

65 684 206 755 diorum
226 707 335 755 causa
353 683 504 781 degenti
524 686 564 755 in
583 685 686 757 burro
710 688 866 759 modum
888 695 1052 764 narravit
1113 740 1115 746 -

62 800 215 898 diligens
233 800 469 888 observator,
492 801 668 900 idemque
683 803 950 879 celeberrimus
975 834 1051 880 me·

62 917 163 990 dicus
182 918 407 1016 Hippolytus
422 921 637 991 Franciscus
656 920 880 994 Albertinus.

108 1043 140 1123 Δ.
160 1039 260 1107 Purra
279 1058 426 1107 menses
442 1050 551 1106 natus
564 1039 685 1123 XVII,
699 1038 971 1137 primogenitus
988 1066 1053 1112 no-

63 1149 325 1225 bilissimorum
347 1167 565 1249 parentum,
584 1153 684 1224 inter
713 1156 828 1225 animi
857 1156 1053 1254 perturba·

64 1270 178 1342 tiones
195 1283 418 1367 conceptus,
431 1284 536 1367 patre
551 1271 698 1341 etiama
715 1272 841 1344 nervis
859 1273 1053 1345 minusva·

67 1385 182 1476 lente,
200 1388 328 1484 ¹capite
354 1401 434 1457 erat
453 1398 562 1483 aequo
581 1387 803 1484 grandiore,
827 1413 949 1485 eoque
976 1401 1067 1487 gra·v

67 1505 178 1594 tiore,
202 1504 322 1578 oculis
343 1503 525 1592 tristibus,
550 1504 664 1576 altera
680 1504 843 1576 thoracis
866 1522 971 1603 parte
993 1508 1054 1580 de·

69 1646 205 1719 pressa,
226 1620 400 1694 cruribus
418 1647 498 1695 non
519 1622 609 1693 satis
619 1620 755 1708 firmis,
776 1623 951 1699 carnibus
967 1622 1055 1695 ssac-

72 1738 163 1812 cidis
194 1720 264 1810 Hic
288 1741 364 1835 jam
390 1752 498 1811 antea
525 1763 610 1809 cum
636 1740 697 1808 vix
720 1763 862 1810 annum
891 1741 1056 1837 comple·

70 1855 190 1945 visset,
204 1857 251 1928 iis
269 1870 466 1953 correptus
479 1855 749 1945 incommodis,
777 1872 818 1927 ut
846 1858 963 1927 unciae
975 1857 1057 1927 duae

72 1973 252 2070 sanguinis
265 1973 452 2044 mittendae
462 1971 718 2061 fuerint,mox,
731 1973 778 2044 ab
789 1973 959 2060 bisliber,
978 1975 1057 2070 epi-

71 2086 187 2186 leptici
208 2089 351 2187 aliquid
369 2089 419 2161 ob
437 2089 682 2163 dentitionem
700 2113 842 2188 passus,
858 2091 1058 2162 novissime

72 2202 154 2276 dnm
166 2206 438 2279 aiterecaninis
449 2205 627 2279 dentibus
640 2206 896 2303 superioribus
903 2206 1058 2304 prodire

74 2320 479 2421 inciperet,verumesse
489 2321 653 2394 ostendit
660 2323 1060 2431 Hippocratisaphoris

74 2463 167 2511 mum
177 2441 253 2538 (1),
258 2443 389 2532 febres
400 2441 528 2538 pueris
547 2456 584 2512 et
599 2438 850 2511 convubiones
868 2441 1061 2512 minantur

71 2563 226 2628 maxime
255 2581 338 2629 cum
357 2563 516 2645 caninos
541 2556 658 2628 edunt
679 2555 814 2627 dentes.
839 2559 934 2627 Nam
957 2553 1061 2627 febre

75 2673 240 2768 primum,
253 2689 333 2746 tum
346 2675 541 2771 repentina
554 2674 768 2771 gravissima
787 2673 965 2770 epilepsia
979 2697 1062 2769 pre·
1101 2757 1104 2761 ,

76 2786 222 2882 hensus,
233 2793 314 2888 jam
332 2805 505 2879 stertens,
521 2807 557 2863 et
575 2791 655 2862 sine
667 2790 747 2860 ullo
763 2788 1062 2886 propremodum

75 2907 195 3002 pulsus
206 2908 347 2981 indicio
360 2909 411 2981 ab
427 2909 614 2981 accersitis
631 2906 785 2979 medicis
802 2907 977 2976 inventus
995 2919 1059 2976 est.

75 3024 143 3113 Qui
161 3051 247 3099 cnm
264 3028 303 3097 in
326 3026 512 3123 ejusmodi
530 3026 709 3123 angustiis
734 3023 876 3095 succini
895 3022 979 3094 olco
997 3047 1064 3092 nu-

76 3140 191 3228 citum,
210 3159 399 3242 tempora,
419 3167 530 3216 nares
546 3142 795 3228 inunxissem,
815 3139 873 3209 bis
890 3139 974 3210 salis
992 3163 1066 3209 arn-

79 3261 230 3333 moniaci
251 3287 328 3333 non
349 3263 524 3359 spiritum
540 3260 715 3357 quidem,
735 3256 799 3330 sed
819 3256 938 3327 levem
957 3257 1066 3353 spiri-

80 3378 297 3451 tusodorem
314 3378 575 3474 subjecissent,
595 3374 642 3446 ad
658 3374 774 3473 pedes
787 3372 979 3444 columbas
993 3372 1065 3445 dis-

79 3494 639 3594 sectasapplicuissent,paulum
650 3492 863 3564 remittente
874 3514 911 3562 se
922 3490 1068 3577 morb0,

80 3613 290 3711 arteriisque
309 3613 548 3702 micantibus,
569 3612 788 3709 sanguinem
809 3606 1005 3679 detrahere
1021 3606 1068 3678 ad

82 3735 150 3797 tres
161 3731 289 3801 uncias
308 3754 388 3801 non
403 3728 635 3803 dubitarunt.
655 3725 764 3797 Unde
780 3723 975 3822 respiratio
992 3724 1070 3819 qui·

121 3966 162 4045 (1)
182 3972 237 4044 25,
256 3978 284 4032 s.
301 3977 328 4030 a.
428 3955 431 3960 ’
