<?xml version="1.0" encoding="UTF-8"?>
<!DOCTYPE html PUBLIC "-//W3C//DTD XHTML 1.0 Transitional//EN"
    "http://www.w3.org/TR/xhtml1/DTD/xhtml1-transitional.dtd">
<html xmlns="http://www.w3.org/1999/xhtml" xml:lang="en" lang="en">
 <head>
  <title>
</title>
<meta http-equiv="Content-Type" content="text/html;charset=utf-8" />
  <meta name='ocr-system' content='tesseract 3.04.00' />
  <meta name='ocr-capabilities' content='ocr_page ocr_carea ocr_par ocr_line ocrx_word'/>
</head>
<body>
  <div class='ocr_page' id='page_1' title='image "./desedibusetcaus06adelgoog_0437.png"; bbox 0 0 2782 4668; ppageno 0'>
   <div class='ocr_carea' id='block_1_1' title="bbox 227 437 1307 3727">
    <p class='ocr_par' dir='ltr' id='par_1_1' title="bbox 323 437 1156 524">
     <span class='ocr_line' id='line_1_1' title="bbox 323 437 1156 524; baseline 0.005 -18"><span class='ocrx_word' id='word_1_1' title='bbox 323 437 396 524; x_wconf 68' lang='lat'>424</span> <span class='ocrx_word' id='word_1_2' title='bbox 488 458 536 507; x_wconf 81' lang='lat' dir='ltr'>ma</span> <span class='ocrx_word' id='word_1_3' title='bbox 561 456 707 505; x_wconf 77' lang='lat' dir='ltr'>sarnus</span> <span class='ocrx_word' id='word_1_4' title='bbox 731 458 776 506; x_wconf 82' lang='lat' dir='ltr'>nr</span> <span class='ocrx_word' id='word_1_5' title='bbox 801 457 925 508; x_wconf 80' lang='lat' dir='ltr'>causls</span> <span class='ocrx_word' id='word_1_6' title='bbox 950 462 1156 511; x_wconf 81' lang='lat' dir='ltr'>uonnouuu</span> 
     </span>
    </p>

    <p class='ocr_par' dir='ltr' id='par_1_2' title="bbox 227 570 1303 1377">
     <span class='ocr_line' id='line_1_2' title="bbox 227 570 1297 674; baseline 0.006 -31"><span class='ocrx_word' id='word_1_7' title='bbox 227 606 229 611; x_wconf 89' lang='lat'><em>·</em></span> <span class='ocrx_word' id='word_1_8' title='bbox 324 572 460 670; x_wconf 83' lang='lat' dir='ltr'>glutire</span> <span class='ocrx_word' id='word_1_9' title='bbox 469 570 758 669; x_wconf 78' lang='lat' dir='ltr'>incipiebat3sed</span> <span class='ocrx_word' id='word_1_10' title='bbox 768 574 888 670; x_wconf 92' lang='lat' dir='ltr'>prima</span> <span class='ocrx_word' id='word_1_11' title='bbox 900 575 1297 674; x_wconf 81' lang='lat' dir='ltr'>potionispartehausta,</span> 
     </span>
     <span class='ocr_line' id='line_1_3' title="bbox 322 687 1299 791; baseline 0.002 -29"><span class='ocrx_word' id='word_1_12' title='bbox 322 690 509 787; x_wconf 89' lang='lat' dir='ltr'>reliquam</span> <span class='ocrx_word' id='word_1_13' title='bbox 538 688 640 760; x_wconf 92' lang='lat' dir='ltr'>haud</span> <span class='ocrx_word' id='word_1_14' title='bbox 673 687 825 761; x_wconf 91' lang='lat' dir='ltr'>difficile</span> <span class='ocrx_word' id='word_1_15' title='bbox 854 690 1092 790; x_wconf 83' lang='lat' dir='ltr'>deglutiebat.</span> <span class='ocrx_word' id='word_1_16' title='bbox 1124 696 1299 791; x_wconf 85' lang='lat' dir='ltr'>Nunquam</span> 
     </span>
     <span class='ocr_line' id='line_1_4' title="bbox 323 806 1299 910; baseline 0.003 -30"><span class='ocrx_word' id='word_1_17' title='bbox 323 830 458 905; x_wconf 81' lang='lat' dir='ltr'>spuma</span> <span class='ocrx_word' id='word_1_18' title='bbox 475 806 521 878; x_wconf 96' lang='lat' dir='ltr'>ad</span> <span class='ocrx_word' id='word_1_19' title='bbox 542 832 584 878; x_wconf 86' lang='lat' dir='ltr'>os</span> <span class='ocrx_word' id='word_1_20' title='bbox 601 807 857 879; x_wconf 87' lang='lat' dir='ltr'>animadversa</span> <span class='ocrx_word' id='word_1_21' title='bbox 881 823 957 880; x_wconf 91' lang='lat' dir='ltr'>est:</span> <span class='ocrx_word' id='word_1_22' title='bbox 974 809 1131 907; x_wconf 85' lang='lat' dir='ltr'>spuebat</span> <span class='ocrx_word' id='word_1_23' title='bbox 1150 812 1299 910; x_wconf 69' lang='lat' dir='ltr'>quidem</span> 
     </span>
     <span class='ocr_line' id='line_1_5' title="bbox 324 914 1301 1026; baseline 0.001 -27"><span class='ocrx_word' id='word_1_24' title='bbox 324 926 390 999; x_wconf 92' lang='lat' dir='ltr'>sed</span> <span class='ocrx_word' id='word_1_25' title='bbox 404 925 547 1023; x_wconf 92' lang='lat' dir='ltr'>liquida</span> <span class='ocrx_word' id='word_1_26' title='bbox 564 940 643 997; x_wconf 91' lang='lat' dir='ltr'>erat</span> <span class='ocrx_word' id='word_1_27' title='bbox 655 925 778 996; x_wconf 77' lang='lat' dir='ltr'>saliva.</span> <span class='ocrx_word' id='word_1_28' title='bbox 796 924 853 996; x_wconf 83' lang='lat' dir='ltr'>Ad</span> <span class='ocrx_word' id='word_1_29' title='bbox 870 942 1030 999; x_wconf 89' lang='lat' dir='ltr'>mortem</span> <span class='ocrx_word' id='word_1_30' title='bbox 1044 953 1164 1026; x_wconf 93' lang='lat' dir='ltr'>usque</span> <span class='ocrx_word' id='word_1_31' title='bbox 1179 914 1252 1001; x_wconf 81' lang='lat' dir='ltr'>tum</span> <span class='ocrx_word' id='word_1_32' title='bbox 1263 931 1301 1000; x_wconf 90' lang='lat' dir='ltr'>in·</span> 
     </span>
     <span class='ocr_line' id='line_1_6' title="bbox 324 1041 1302 1143; baseline 0.003 -27"><span class='ocrx_word' id='word_1_33' title='bbox 324 1041 514 1117; x_wconf 86' lang='lat' dir='ltr'>credibilis</span> <span class='ocrx_word' id='word_1_34' title='bbox 533 1042 596 1114; x_wconf 92' lang='lat' dir='ltr'>ille</span> <span class='ocrx_word' id='word_1_35' title='bbox 623 1067 759 1140; x_wconf 86' lang='lat' dir='ltr'>pavor,</span> <span class='ocrx_word' id='word_1_36' title='bbox 778 1056 858 1113; x_wconf 91' lang='lat' dir='ltr'>tum</span> <span class='ocrx_word' id='word_1_37' title='bbox 881 1068 923 1115; x_wconf 94' lang='lat' dir='ltr'>ea</span> <span class='ocrx_word' id='word_1_38' title='bbox 945 1069 1050 1143; x_wconf 76' lang='lat' dir='ltr'>aquae</span> <span class='ocrx_word' id='word_1_39' title='bbox 1072 1049 1262 1135; x_wconf 87' lang='lat' dir='ltr'>aversatio,</span> <span class='ocrx_word' id='word_1_40' title='bbox 1276 1062 1302 1119; x_wconf 91' lang='lat' dir='ltr'>et</span> 
     </span>
     <span class='ocr_line' id='line_1_7' title="bbox 324 1158 1303 1257; baseline 0.002 -25"><span class='ocrx_word' id='word_1_41' title='bbox 324 1160 405 1256; x_wconf 86' lang='lat' dir='ltr'>ejus</span> <span class='ocrx_word' id='word_1_42' title='bbox 429 1158 663 1257; x_wconf 83' lang='lat' dir='ltr'>deglutiendi</span> <span class='ocrx_word' id='word_1_43' title='bbox 697 1160 804 1230; x_wconf 89' lang='lat' dir='ltr'>initio</span> <span class='ocrx_word' id='word_1_44' title='bbox 832 1161 1021 1253; x_wconf 91' lang='lat' dir='ltr'>molestia,</span> <span class='ocrx_word' id='word_1_45' title='bbox 1053 1188 1096 1235; x_wconf 95' lang='lat' dir='ltr'>ac</span> <span class='ocrx_word' id='word_1_46' title='bbox 1131 1163 1303 1236; x_wconf 87' lang='lat' dir='ltr'>difficultas</span> 
     </span>
     <span class='ocr_line' id='line_1_8' title="bbox 324 1279 579 1377; baseline -0.012 -28"><span class='ocrx_word' id='word_1_47' title='bbox 324 1279 579 1377; x_wconf 90' lang='lat' dir='ltr'>perstiterunt.</span> 
     </span>
    </p>

    <p class='ocr_par' dir='ltr' id='par_1_3' title="bbox 323 1394 1307 3727">
     <span class='ocr_line' id='line_1_9' title="bbox 371 1394 1303 1496; baseline 0.002 -30"><span class='ocrx_word' id='word_1_48' title='bbox 371 1399 513 1466; x_wconf 86' lang='lat' dir='ltr'>Ventre</span> <span class='ocrx_word' id='word_1_49' title='bbox 527 1408 677 1491; x_wconf 89' lang='lat' dir='ltr'>aperto,</span> <span class='ocrx_word' id='word_1_50' title='bbox 691 1394 868 1466; x_wconf 89' lang='lat' dir='ltr'>intestina</span> <span class='ocrx_word' id='word_1_51' title='bbox 885 1397 1012 1468; x_wconf 88' lang='lat' dir='ltr'>omnia</span> <span class='ocrx_word' id='word_1_52' title='bbox 1025 1414 1225 1496; x_wconf 88' lang='lat' dir='ltr'>conspecta</span> <span class='ocrx_word' id='word_1_53' title='bbox 1234 1412 1303 1470; x_wconf 88' lang='lat' dir='ltr'>sunt</span> 
     </span>
     <span class='ocr_line' id='line_1_10' title="bbox 323 1510 1304 1614; baseline 0.005 -31"><span class='ocrx_word' id='word_1_54' title='bbox 323 1537 408 1584; x_wconf 86' lang='lat' dir='ltr'>aere</span> <span class='ocrx_word' id='word_1_55' title='bbox 426 1513 585 1583; x_wconf 84' lang='lat' dir='ltr'>maxime</span> <span class='ocrx_word' id='word_1_56' title='bbox 602 1510 784 1600; x_wconf 88' lang='lat' dir='ltr'>distenta,</span> <span class='ocrx_word' id='word_1_57' title='bbox 809 1528 944 1611; x_wconf 88' lang='lat' dir='ltr'>praeter</span> <span class='ocrx_word' id='word_1_58' title='bbox 960 1541 1075 1614; x_wconf 90' lang='lat' dir='ltr'>quem</span> <span class='ocrx_word' id='word_1_59' title='bbox 1100 1516 1195 1587; x_wconf 89' lang='lat' dir='ltr'>nihil</span> <span class='ocrx_word' id='word_1_60' title='bbox 1213 1514 1304 1588; x_wconf 85' lang='lat' dir='ltr'>ferme</span> 
     </span>
     <span class='ocr_line' id='line_1_11' title="bbox 324 1626 1304 1705; baseline 0.003 -3"><span class='ocrx_word' id='word_1_61' title='bbox 324 1629 427 1702; x_wconf 90' lang='lat' dir='ltr'>aliud</span> <span class='ocrx_word' id='word_1_62' title='bbox 441 1626 698 1701; x_wconf 86' lang='lat' dir='ltr'><strong>continebant.</strong></span> <span class='ocrx_word' id='word_1_63' title='bbox 717 1632 762 1697; x_wconf 93' lang='lat' dir='ltr'>In</span> <span class='ocrx_word' id='word_1_64' title='bbox 776 1631 988 1700; x_wconf 85' lang='lat' dir='ltr'>ventriculo</span> <span class='ocrx_word' id='word_1_65' title='bbox 1001 1631 1143 1703; x_wconf 92' lang='lat' dir='ltr'>humor</span> <span class='ocrx_word' id='word_1_66' title='bbox 1158 1635 1304 1705; x_wconf 78' lang='lat' dir='ltr'>crassius</span> 
     </span>
     <span class='ocr_line' id='line_1_12' title="bbox 327 1744 1305 1834; baseline -0.001 -12"><span class='ocrx_word' id='word_1_67' title='bbox 327 1744 1305 1834; x_wconf 83' lang='lat' dir='ltr'>culus,nonmultus,viscidus,colorecinereoPauca</span> 
     </span>
     <span class='ocr_line' id='line_1_13' title="bbox 325 1859 1305 1964; baseline -0.002 -26"><span class='ocrx_word' id='word_1_68' title='bbox 325 1869 365 1938; x_wconf 92' lang='lat' dir='ltr'>in</span> <span class='ocrx_word' id='word_1_69' title='bbox 385 1889 449 1937; x_wconf 90' lang='lat' dir='ltr'>sua</span> <span class='ocrx_word' id='word_1_70' title='bbox 466 1862 631 1934; x_wconf 86' lang='lat' dir='ltr'>vesicula</span> <span class='ocrx_word' id='word_1_71' title='bbox 649 1859 754 1949; x_wconf 83' lang='lat' dir='ltr'>bilis,</span> <span class='ocrx_word' id='word_1_72' title='bbox 772 1864 931 1937; x_wconf 85' lang='lat' dir='ltr'>omniuo</span> <span class='ocrx_word' id='word_1_73' title='bbox 945 1888 1077 1937; x_wconf 87' lang='lat' dir='ltr'>crocea</span> <span class='ocrx_word' id='word_1_74' title='bbox 1092 1920 1102 1955; x_wconf 92' lang='lat'>,</span> <span class='ocrx_word' id='word_1_75' title='bbox 1120 1890 1305 1964; x_wconf 85' lang='lat' dir='ltr'>croceoque</span> 
     </span>
     <span class='ocr_line' id='line_1_14' title="bbox 326 1978 1306 2083; baseline -0.003 -27"><span class='ocrx_word' id='word_1_76' title='bbox 326 1984 455 2057; x_wconf 92' lang='lat' dir='ltr'>colore</span> <span class='ocrx_word' id='word_1_77' title='bbox 474 1980 694 2052; x_wconf 78' lang='lat' dir='ltr'>duodenum</span> <span class='ocrx_word' id='word_1_78' title='bbox 711 1979 931 2052; x_wconf 89' lang='lat' dir='ltr'>intestinum</span> <span class='ocrx_word' id='word_1_79' title='bbox 946 1978 1137 2073; x_wconf 84' lang='lat' dir='ltr'>inficiens,</span> <span class='ocrx_word' id='word_1_80' title='bbox 1162 2001 1198 2058; x_wconf 93' lang='lat' dir='ltr'>et</span> <span class='ocrx_word' id='word_1_81' title='bbox 1212 1984 1306 2083; x_wconf 80' lang='lat' dir='ltr'>proxi·</span> 
     </span>
     <span class='ocr_line' id='line_1_15' title="bbox 328 2080 1306 2196; baseline 0 -24"><span class='ocrx_word' id='word_1_82' title='bbox 328 2122 429 2172; x_wconf 90' lang='lat' dir='ltr'>mam</span> <span class='ocrx_word' id='word_1_83' title='bbox 449 2098 621 2169; x_wconf 76' lang='lat' dir='ltr'>vesiculae</span> <span class='ocrx_word' id='word_1_84' title='bbox 636 2097 817 2193; x_wconf 84' lang='lat' dir='ltr'>jecinoris</span> <span class='ocrx_word' id='word_1_85' title='bbox 833 2113 990 2196; x_wconf 89' lang='lat' dir='ltr'>partem.</span> <span class='ocrx_word' id='word_1_86' title='bbox 1001 2080 1127 2173; x_wconf 71' lang='lat' dir='ltr'>¹lliacae</span> <span class='ocrx_word' id='word_1_87' title='bbox 1141 2128 1239 2175; x_wconf 83' lang='lat' dir='ltr'>venae</span> <span class='ocrx_word' id='word_1_88' title='bbox 1249 2127 1306 2176; x_wconf 85' lang='lat' dir='ltr'>san</span> 
     </span>
     <span class='ocr_line' id='line_1_16' title="bbox 328 2213 1306 2320; baseline 0 -31"><span class='ocrx_word' id='word_1_89' title='bbox 328 2219 442 2317; x_wconf 82' lang='lat' dir='ltr'>guine</span> <span class='ocrx_word' id='word_1_90' title='bbox 458 2229 565 2286; x_wconf 88' lang='lat' dir='ltr'>erant</span> <span class='ocrx_word' id='word_1_91' title='bbox 580 2213 675 2285; x_wconf 86' lang='lat' dir='ltr'>adeo</span> <span class='ocrx_word' id='word_1_92' title='bbox 690 2214 869 2314; x_wconf 84' lang='lat' dir='ltr'>turgidae,</span> <span class='ocrx_word' id='word_1_93' title='bbox 895 2232 937 2287; x_wconf 92' lang='lat' dir='ltr'>ut</span> <span class='ocrx_word' id='word_1_94' title='bbox 961 2220 1173 2292; x_wconf 83' lang='lat' dir='ltr'>naturalem</span> <span class='ocrx_word' id='word_1_95' title='bbox 1190 2220 1306 2320; x_wconf 82' lang='lat' dir='ltr'>gracilis</span> 
     </span>
     <span class='ocr_line' id='line_1_17' title="bbox 328 2333 1306 2429; baseline 0.001 -23"><span class='ocrx_word' id='word_1_96' title='bbox 328 2335 495 2407; x_wconf 89' lang='lat' dir='ltr'>intestini</span> <span class='ocrx_word' id='word_1_97' title='bbox 521 2333 747 2404; x_wconf 85' lang='lat' dir='ltr'>diametrum</span> <span class='ocrx_word' id='word_1_98' title='bbox 772 2349 984 2429; x_wconf 81' lang='lat' dir='ltr'>aequarent3</span> <span class='ocrx_word' id='word_1_99' title='bbox 1011 2352 1048 2406; x_wconf 90' lang='lat' dir='ltr'>at</span> <span class='ocrx_word' id='word_1_100' title='bbox 1068 2341 1179 2410; x_wconf 84' lang='lat' dir='ltr'>sociae</span> <span class='ocrx_word' id='word_1_101' title='bbox 1194 2339 1306 2409; x_wconf 80' lang='lat' dir='ltr'>arteria</span> 
     </span>
     <span class='ocr_line' id='line_1_18' title="bbox 329 2449 1307 2553; baseline 0 -29"><span class='ocrx_word' id='word_1_102' title='bbox 329 2451 646 2553; x_wconf 86' lang='lat' dir='ltr'>prorsusinanes.</span> <span class='ocrx_word' id='word_1_103' title='bbox 673 2453 718 2518; x_wconf 93' lang='lat' dir='ltr'>ln</span> <span class='ocrx_word' id='word_1_104' title='bbox 735 2449 909 2539; x_wconf 87' lang='lat' dir='ltr'>thorace,</span> <span class='ocrx_word' id='word_1_105' title='bbox 927 2452 1148 2550; x_wconf 88' lang='lat' dir='ltr'>pulmones,</span> <span class='ocrx_word' id='word_1_106' title='bbox 1164 2472 1205 2528; x_wconf 88' lang='lat' dir='ltr'>ut</span> <span class='ocrx_word' id='word_1_107' title='bbox 1225 2462 1307 2528; x_wconf 84' lang='lat' dir='ltr'>Boer</span> 
     </span>
     <span class='ocr_line' id='line_1_19' title="bbox 332 2566 1307 2666; baseline 0 -25"><span class='ocrx_word' id='word_1_108' title='bbox 332 2568 534 2666; x_wconf 82' lang='lat' dir='ltr'>haavii(1)</span> <span class='ocrx_word' id='word_1_109' title='bbox 558 2566 683 2638; x_wconf 90' lang='lat' dir='ltr'>verbis</span> <span class='ocrx_word' id='word_1_110' title='bbox 707 2582 879 2657; x_wconf 90' lang='lat' dir='ltr'>utamur,</span> <span class='ocrx_word' id='word_1_111' title='bbox 905 2588 1123 2645; x_wconf 71' lang='lat' dir='ltr'>coacervato</span> <span class='ocrx_word' id='word_1_112' title='bbox 1144 2576 1307 2665; x_wconf 84' lang='lat' dir='ltr'>omnifere</span> 
     </span>
     <span class='ocr_line' id='line_1_20' title="bbox 331 2685 1306 2790; baseline -0.001 -29"><span class='ocrx_word' id='word_1_113' title='bbox 331 2713 463 2761; x_wconf 79' lang='lat' dir='ltr'>cruore</span> <span class='ocrx_word' id='word_1_114' title='bbox 473 2685 847 2783; x_wconf 72' lang='lat' dir='ltr'>incredibiliterpleni</span> <span class='ocrx_word' id='word_1_115' title='bbox 852 2692 1082 2785; x_wconf 83' lang='lat' dir='ltr'>:posteriore</span> <span class='ocrx_word' id='word_1_116' title='bbox 1092 2707 1216 2765; x_wconf 89' lang='lat' dir='ltr'>autern</span> <span class='ocrx_word' id='word_1_117' title='bbox 1227 2704 1306 2790; x_wconf 87' lang='lat' dir='ltr'>parte</span> 
     </span>
     <span class='ocr_line' id='line_1_21' title="bbox 328 2800 1306 2908; baseline -0.002 -31"><span class='ocrx_word' id='word_1_118' title='bbox 328 2808 388 2879; x_wconf 86' lang='lat' dir='ltr'>vel</span> <span class='ocrx_word' id='word_1_119' title='bbox 406 2828 602 2904; x_wconf 84' lang='lat' dir='ltr'>gangraena</span> <span class='ocrx_word' id='word_1_120' title='bbox 613 2800 742 2873; x_wconf 85' lang='lat' dir='ltr'>affecti</span> <span class='ocrx_word' id='word_1_121' title='bbox 758 2804 833 2875; x_wconf 93' lang='lat' dir='ltr'>dici</span> <span class='ocrx_word' id='word_1_122' title='bbox 849 2822 1034 2903; x_wconf 88' lang='lat' dir='ltr'>poterant.</span> <span class='ocrx_word' id='word_1_123' title='bbox 1059 2813 1103 2879; x_wconf 92' lang='lat' dir='ltr'>In</span> <span class='ocrx_word' id='word_1_124' title='bbox 1127 2807 1306 2908; x_wconf 88' lang='lat' dir='ltr'>pericardio</span> 
     </span>
     <span class='ocr_line' id='line_1_22' title="bbox 330 2917 1306 3018; baseline -0.001 -23"><span class='ocrx_word' id='word_1_125' title='bbox 330 2922 495 3000; x_wconf 74' lang='lat' dir='ltr'>sulrllava</span> <span class='ocrx_word' id='word_1_126' title='bbox 504 2945 601 3018; x_wconf 89' lang='lat' dir='ltr'>aqua</span> <span class='ocrx_word' id='word_1_127' title='bbox 612 2920 657 2990; x_wconf 91' lang='lat' dir='ltr'>ad</span> <span class='ocrx_word' id='word_1_128' title='bbox 669 2921 798 2999; x_wconf 87' lang='lat' dir='ltr'>uncias</span> <span class='ocrx_word' id='word_1_129' title='bbox 807 2917 960 2995; x_wconf 86' lang='lat' dir='ltr'>fortasse</span> <span class='ocrx_word' id='word_1_130' title='bbox 972 2940 1062 2997; x_wconf 90' lang='lat' dir='ltr'>tres:</span> <span class='ocrx_word' id='word_1_131' title='bbox 1075 2927 1116 2997; x_wconf 91' lang='lat' dir='ltr'>in</span> <span class='ocrx_word' id='word_1_132' title='bbox 1130 2928 1238 2999; x_wconf 91' lang='lat' dir='ltr'>corde</span> <span class='ocrx_word' id='word_1_133' title='bbox 1250 2949 1306 2998; x_wconf 84' lang='lat' dir='ltr'>san·</span> 
     </span>
     <span class='ocr_line' id='line_1_23' title="bbox 329 3038 1306 3143; baseline -0.003 -29"><span class='ocrx_word' id='word_1_134' title='bbox 329 3044 412 3143; x_wconf 84' lang='lat' dir='ltr'>guis</span> <span class='ocrx_word' id='word_1_135' title='bbox 427 3066 507 3111; x_wconf 93' lang='lat' dir='ltr'>non</span> <span class='ocrx_word' id='word_1_136' title='bbox 525 3038 685 3124; x_wconf 92' lang='lat' dir='ltr'>multus,</span> <span class='ocrx_word' id='word_1_137' title='bbox 699 3039 807 3137; x_wconf 90' lang='lat' dir='ltr'>isque</span> <span class='ocrx_word' id='word_1_138' title='bbox 831 3041 945 3139; x_wconf 85' lang='lat' dir='ltr'>nigrae</span> <span class='ocrx_word' id='word_1_139' title='bbox 965 3044 1058 3139; x_wconf 88' lang='lat' dir='ltr'>picis</span> <span class='ocrx_word' id='word_1_140' title='bbox 1077 3045 1207 3116; x_wconf 90' lang='lat' dir='ltr'>similis</span> <span class='ocrx_word' id='word_1_141' title='bbox 1224 3042 1306 3116; x_wconf 88' lang='lat' dir='ltr'>seni·</span> 
     </span>
     <span class='ocr_line' id='line_1_24' title="bbox 329 3155 1307 3258; baseline 0 -28"><span class='ocrx_word' id='word_1_142' title='bbox 329 3161 488 3258; x_wconf 85' lang='lat' dir='ltr'>liquatae.</span> <span class='ocrx_word' id='word_1_143' title='bbox 512 3161 618 3228; x_wconf 87' lang='lat' dir='ltr'>Vena</span> <span class='ocrx_word' id='word_1_144' title='bbox 635 3155 717 3254; x_wconf 87' lang='lat' dir='ltr'>sine</span> <span class='ocrx_word' id='word_1_145' title='bbox 727 3157 809 3252; x_wconf 85' lang='lat' dir='ltr'>pari</span> <span class='ocrx_word' id='word_1_146' title='bbox 824 3159 997 3255; x_wconf 83' lang='lat' dir='ltr'>exiguam</span> <span class='ocrx_word' id='word_1_147' title='bbox 1014 3162 1230 3233; x_wconf 89' lang='lat' dir='ltr'>continebat</span> <span class='ocrx_word' id='word_1_148' title='bbox 1250 3183 1307 3231; x_wconf 82' lang='lat' dir='ltr'>san·</span> 
     </span>
     <span class='ocr_line' id='line_1_25' title="bbox 330 3272 1306 3376; baseline -0.001 -31"><span class='ocrx_word' id='word_1_149' title='bbox 330 3277 454 3376; x_wconf 84' lang='lat' dir='ltr'>guinis</span> <span class='ocrx_word' id='word_1_150' title='bbox 471 3274 637 3370; x_wconf 90' lang='lat' dir='ltr'>copiam:</span> <span class='ocrx_word' id='word_1_151' title='bbox 653 3272 818 3343; x_wconf 89' lang='lat' dir='ltr'>omnino</span> <span class='ocrx_word' id='word_1_152' title='bbox 835 3290 960 3346; x_wconf 90' lang='lat' dir='ltr'>autem</span> <span class='ocrx_word' id='word_1_153' title='bbox 982 3277 1113 3349; x_wconf 88' lang='lat' dir='ltr'>inanes</span> <span class='ocrx_word' id='word_1_154' title='bbox 1138 3295 1240 3359; x_wconf 83' lang='lat' dir='ltr'>erant</span> <span class='ocrx_word' id='word_1_155' title='bbox 1258 3299 1306 3374; x_wconf 85' lang='lat' dir='ltr'>per</span> 
     </span>
     <span class='ocr_line' id='line_1_26' title="bbox 331 3388 1305 3489; baseline -0.006 -22"><span class='ocrx_word' id='word_1_156' title='bbox 331 3394 470 3469; x_wconf 84' lang='lat' dir='ltr'>collum</span> <span class='ocrx_word' id='word_1_157' title='bbox 481 3407 557 3462; x_wconf 89' lang='lat' dir='ltr'>tam</span> <span class='ocrx_word' id='word_1_158' title='bbox 570 3388 755 3460; x_wconf 89' lang='lat' dir='ltr'>carotides</span> <span class='ocrx_word' id='word_1_159' title='bbox 767 3392 926 3485; x_wconf 81' lang='lat' dir='ltr'>arteriae,</span> <span class='ocrx_word' id='word_1_160' title='bbox 941 3418 1053 3489; x_wconf 89' lang='lat' dir='ltr'>quam</span> <span class='ocrx_word' id='word_1_161' title='bbox 1062 3420 1166 3466; x_wconf 84' lang='lat' dir='ltr'>venae</span> <span class='ocrx_word' id='word_1_162' title='bbox 1179 3397 1305 3466; x_wconf 86' lang='lat' dir='ltr'>interna</span> 
     </span>
     <span class='ocr_line' id='line_1_27' title="bbox 326 3505 1307 3610; baseline -0.001 -29"><span class='ocrx_word' id='word_1_163' title='bbox 326 3511 527 3610; x_wconf 82' lang='lat' dir='ltr'>jugulares.</span> <span class='ocrx_word' id='word_1_164' title='bbox 551 3505 793 3604; x_wconf 81' lang='lat' dir='ltr'>Deglutiendi</span> <span class='ocrx_word' id='word_1_165' title='bbox 814 3532 953 3608; x_wconf 86' lang='lat' dir='ltr'>organa</span> <span class='ocrx_word' id='word_1_166' title='bbox 978 3511 1057 3583; x_wconf 91' lang='lat' dir='ltr'>sine</span> <span class='ocrx_word' id='word_1_167' title='bbox 1083 3513 1163 3584; x_wconf 93' lang='lat' dir='ltr'>ullo</span> <span class='ocrx_word' id='word_1_168' title='bbox 1196 3510 1307 3582; x_wconf 84' lang='lat' dir='ltr'>lullan-</span> 
     </span>
     <span class='ocr_line' id='line_1_28' title="bbox 329 3624 1305 3727; baseline -0.004 -27"><span class='ocrx_word' id='word_1_169' title='bbox 329 3624 748 3709; x_wconf 87' lang='lat' dir='ltr'>mationisindicio,nisi</span> <span class='ocrx_word' id='word_1_170' title='bbox 759 3625 864 3722; x_wconf 93' lang='lat' dir='ltr'>quod</span> <span class='ocrx_word' id='word_1_171' title='bbox 876 3626 923 3696; x_wconf 89' lang='lat' dir='ltr'>ad</span> <span class='ocrx_word' id='word_1_172' title='bbox 931 3625 1135 3727; x_wconf 84' lang='lat' dir='ltr'>pharyngis</span> <span class='ocrx_word' id='word_1_173' title='bbox 1145 3649 1305 3704; x_wconf 86' lang='lat' dir='ltr'>summum</span> 
     </span>
    </p>
   </div>
   <div class='ocr_carea' id='block_1_2' title="bbox 370 3968 846 4067">
    <p class='ocr_par' dir='ltr' id='par_1_4' title="bbox 370 3968 846 4067">
     <span class='ocr_line' id='line_1_29' title="bbox 370 3968 846 4067; baseline -0.015 -20"><span class='ocrx_word' id='word_1_174' title='bbox 370 3989 415 4067; x_wconf 83' lang='lat' dir='ltr'>(a)</span> <span class='ocrx_word' id='word_1_175' title='bbox 434 3983 749 4064; x_wconf 75' lang='lat' dir='ltr'>Aphor.cit.§1140.</span> <span class='ocrx_word' id='word_1_176' title='bbox 842 3968 846 3975; x_wconf 42' lang='lat'><strong><em>⁴</em></strong></span> 
     </span>
    </p>
   </div>
   <div class='ocr_carea' id='block_1_3' title="bbox 0 0 1407 4668">
    <p class='ocr_par' dir='ltr' id='par_1_5' title="bbox 0 0 1407 4668">
     <span class='ocr_line' id='line_1_30' title="bbox 0 0 1407 4668; baseline 0 0"><span class='ocrx_word' id='word_1_177' title='bbox 0 0 1407 4668; x_wconf 95' lang='lat' dir='ltr'> </span> 
     </span>
    </p>
   </div>
  </div>
 </body>
</html>
