2798 4668
289 434 359 534 596
453 460 499 507 na
525 456 670 506 seorsus
694 459 739 504 rr
764 457 888 506 cansrs
912 458 1120 509 monacnum

284 573 432 648 casibus
448 596 537 646 sane
555 571 660 644 haud
675 570 787 643 video
807 573 901 669 quid
915 598 1145 673 magnopere
1157 575 1277 649 adver⁴

284 707 396 765 setur.

333 832 387 878 ro.
402 811 535 903 Neque
551 807 655 878 enim
668 828 801 877 omnes
811 807 878 903 qui
886 805 1146 904 spinae,iidem,
1156 822 1198 879 ut
1208 808 1278 904 qui·

281 924 439 997 busdam
456 924 598 1020 placet,
621 923 752 1021 capitis
776 947 931 1020 quoque
956 923 1130 1025 hydrope
1158 939 1278 996 tenen-

279 1057 368 1131 tur3
392 1055 491 1112 certe
510 1040 549 1109 in
573 1042 670 1127 suis,
690 1064 788 1136 quos
805 1064 917 1137 supra
940 1038 1155 1139 designavi,
1175 1045 1280 1137 Ruys·

281 1157 389 1230 chius
413 1182 492 1229 non
515 1156 689 1228 meminit
712 1155 783 1253 (1),
807 1180 957 1254 neque,
982 1171 1026 1228 nt
1050 1157 1145 1229 alios
1169 1158 1278 1228 sciens

280 1276 473 1363 omittam,
494 1273 651 1371 Tulpius
670 1300 679 1342 ε
700 1274 808 1369 cujus
824 1288 900 1344 tres
918 1273 1032 1369 hujus
1051 1275 1200 1371 generis
1219 1273 1277 1344 ob·

278 1393 525 1478 servationes,
543 1415 622 1461 non
639 1391 679 1459 in
694 1391 900 1462 sectionem
917 1389 1017 1461 hanc
1027 1391 1276 1488 Sepulchreti,

278 1508 345 1582 sed
360 1510 400 1579 in
419 1511 452 1578 11
465 1505 553 1579 libri
568 1507 692 1604 quarti
706 1506 721 1603 (
724 1507 761 1604 a)
772 1507 907 1579 relatas
915 1508 1036 1604 leges3
1053 1532 1278 1605 quanquam,

276 1628 378 1698 utin
404 1626 614 1697 anatomica
639 1648 816 1697 sanarum
842 1625 1006 1723 partium
1021 1624 1277 1723 descriptione

279 1743 462 1840 spinalem
482 1741 689 1815 medullam
708 1740 922 1831 acerebro,
935 1743 997 1812 cui
1015 1756 1156 1814 natura
1172 1743 1276 1815 conti·

277 1861 428 1949 nuavit,
451 1884 531 1931 non
558 1858 833 1957 disjungimus,
862 1859 918 1931 sic
939 1860 980 1929 in
1004 1859 1278 1946 morbidarum,

277 1993 390 2074 atque
414 1977 509 2049 adeo
527 1977 571 2047 in
596 1974 821 2047 morborum
845 1977 1014 2074 ipsorum
1036 1979 1277 2064 tractatione,

275 2094 376 2166 illius
394 2092 563 2191 hydrops
581 2091 630 2165 ab
645 2092 761 2187 hujus
774 2091 949 2190 hydrope
965 2116 1046 2163 non
1064 2093 1276 2166 videturse·
1370 2078 1371 2081 ¹

274 2208 513 2307 jungendus,
539 2233 610 2283 nec
634 2225 803 2282 tumores
826 2209 893 2306 qui
919 2222 1129 2306 utrumque
1147 2210 1275 2309 hydro·

277 2353 364 2427 pem
392 2342 625 2425 sequuntur,
653 2329 752 2399 inter
779 2342 954 2400 externos
981 2341 1138 2400 creteros
1169 2328 1276 2400 collo·

277 2444 407 2534 candi,
421 2444 524 2516 haud
534 2445 651 2543 magis
669 2469 783 2541 quam
799 2444 866 2541 qui
880 2444 1030 2517 iuterna
1042 2467 1275 2542 aueurysma·

277 2578 334 2651 ta,
359 2563 540 2661 disruptis
566 2576 854 2659 extrorsumque
882 2562 1087 2659 compulsis
1115 2564 1226 2634 costis
1245 2575 1275 2631 et

277 2681 443 2780 pectoris
467 2680 756 2777 integumentis,
774 2693 1072 2776 consequuntur.
1094 2678 1210 2769 Quod
1232 2677 1274 2765 si,
1368 2710 1369 2729 κ

163 2872 167 2879 ,
278 2798 326 2870 ad
344 2799 538 2895 inceptum
557 2820 772 2869 sermonem
792 2810 835 2867 ut
852 2794 1025 2884 redeam,
1042 2795 1089 2866 ad
1105 2821 1173 2869 eos
1190 2816 1273 2893 quos

237 2904 242 2911 ’
278 2915 341 2986 hic
357 2929 580 3001 tractamus,
601 2929 770 2986 tumores
790 2912 868 2987 duo
885 2913 941 2983 illi
954 2913 1135 3002 attinent,
1161 2914 1272 3010 quiin

279 3030 410 3104 eadem
418 3032 583 3104 sectione
598 3034 642 3117 11,
654 3030 749 3101 alter
757 3028 831 3102 sub
846 3028 1110 3127 observatione
1124 3034 1212 3100 XIII
1227 3025 1274 3124 (3)
1367 3026 1368 3073 l

279 3175 325 3222 ex
342 3152 504 3246 Casparo
530 3146 722 3234 Bauhino,
749 3147 844 3218 alter
863 3147 904 3217 in
922 3145 1190 3219 additamentis
1214 3144 1272 3216 oh·

279 3268 487 3347 servatione
497 3268 550 3353 V,
564 3266 671 3359 cujus
683 3264 846 3335 auctoris
865 3288 944 3335 non
958 3263 1193 3369 'adscribitur
1209 3287 1269 3333 no·

277 3407 386 3469 men,
400 3396 690 3481 proponuntur3
709 3405 835 3477 neque
849 3381 889 3451 in
897 3378 957 3451 his
966 3381 1081 3452 ullam
1098 3380 1270 3478 hydroce-

277 3497 382 3598 phali
411 3498 643 3570 mentionem
667 3495 822 3569 videbis.
854 3497 1022 3569 Attinere
1049 3511 1177 3569 autem
1202 3495 1268 3565 huc
1365 3516 1366 3577 j

317 3800 361 3879 (r)
382 3801 455 3857 Obs.
467 3800 518 3857 cit.
534 3798 588 3870 34,
601 3797 639 3855 35
651 3809 686 3854 ut
698 3817 794 3872 neque
808 3797 857 3854 36.

316 3899 361 3976 (a)
381 3900 455 3956 Sub.
469 3899 534 3958 obs.
552 3899 603 3971 13,
616 3897 705 3957 etiam
718 3898 751 3955 In
762 3898 862 3957 Schol.

317 3998 360 4078 (3)
382 4003 442 4072 51·
