2774 4666
207 493 275 543 Lm.
304 494 328 540 1.
357 496 403 541 DE
429 492 564 541 Moums
589 491 744 555 csrms,
770 490 880 538 EPIST·
909 491 963 537 111.
1022 492 1087 563 197

78 605 151 679 has
169 608 218 679 ad
229 624 266 681 te
278 606 487 685 scribebam
500 606 692 704 epistolas,
710 606 906 691 extitisset;
921 629 1000 675 non
1015 603 1092 674 hoc

79 749 228 812 uuum,
246 724 351 822 quod
367 723 429 793 hic
450 723 566 810 addo,
587 736 631 793 ex
652 723 785 793 eodem
801 720 1019 792 laudassem.
1037 718 1092 792 ‘Et

78 843 137 912 hae
153 841 313 939 quidem
339 841 618 913 observationes
643 854 729 937 post
754 838 987 937 Sepulchreti
1014 839 1090 909 edi,-

77 959 229 1030 tionem
246 956 400 1029 alteram
414 954 648 1056 prodierunt.
662 962 755 1028 Ante
768 958 869 1027 illam
879 972 1004 1053 autem
1014 981 1089 1027 una

79 1075 183 1146 inter
202 1089 369 1163 caeteras,
389 1077 429 1144 in
455 1098 528 1172 qua
556 1077 624 1146 etsi
649 1075 843 1172 apoplexia
860 1075 908 1146 ab
937 1094 1090 1149 externa

80 1216 195 1265 causa
210 1190 302 1280 fuit,
319 1191 369 1261 ob
392 1191 490 1262 hanc
519 1207 644 1262 tamen
661 1193 779 1290 ipsam
797 1191 910 1291 digna
930 1210 985 1265 est
1008 1220 1090 1291 quae

80 1310 242 1379 minime
252 1310 566 1406 praetermittatur.
578 1311 671 1398 Quis
682 1308 897 1381 enimfacile
915 1324 1092 1407 putasset,

80 1441 269 1524 agrestem
294 1450 455 1523 puerum
472 1425 519 1497 ab
548 1427 643 1497 irato
668 1426 926 1524 ludimagistro
951 1428 1090 1501 vertice

80 1542 337 1640 prehensum,
354 1557 391 1614 et
408 1544 518 1615 celeri
534 1534 656 1614 tractu
672 1568 760 1614 cum
777 1545 939 1641 impetu,
956 1558 993 1614 et
1008 1567 1089 1615 suc·
1128 1600 1130 1607 a

80 1684 196 1732 cussu
214 1659 381 1756 quodam
397 1660 444 1729 ad
471 1685 508 1731 se
533 1675 701 1758 raptum,
718 1660 768 1730 ob
795 1660 833 1730 id
852 1685 973 1731 unum
999 1684 1088 1756 apo-

79 1778 287 1874 plecticum
298 1774 436 1847 factum
445 1778 509 1863 iri,
524 1792 560 1848 et
570 1791 680 1849 nocte
691 1779 860 1875 proxima
870 1777 1091 1849 obiturum?

78 1894 293 1990 Slevogtius
310 1892 323 1935 s
329 1892 363 1987 1)
380 1908 506 1964 tamen
522 1894 633 1979 vidit,
651 1918 876 1991 causamque
894 1895 1087 1991 comperit.

82 2012 232 2081 Scilicet
249 2011 288 2079 in
298 2009 486 2107 prehenso
497 2012 635 2082 vertice
653 2013 906 2107 perierauium
919 2013 1090 2109 aperios-
1167 2026 1170 2035 '

82 2129 134 2198 tio
152 2126 347 2213 avulsum,
372 2129 594 2222 sanguinem
611 2152 680 2223 per
702 2128 919 2197 crassiorem
945 2129 1090 2197 menin-

82 2269 170 2342 gem
182 2244 256 2314 late
269 2266 494 2340 expansum,
512 2257 548 2313 et
566 2269 610 2313 ex
625 2245 719 2314 vasis
737 2269 818 2340 quae
830 2242 928 2314 hanc
946 2244 993 2314 ad
1007 2245 1092 2315 sub-

80 2363 179 2458 jecta
197 2360 370 2457 alligant,
397 2359 574 2455 disruptis
602 2361 749 2457 copiam
774 2363 963 2458 sanguinis
992 2363 1093 2435 iutra

82 2478 193 2549 lobos
203 2475 347 2547 cerebri
357 2477 396 2545 in
408 2476 638 2548 ventriculos
649 2473 771 2572 usque
785 2473 945 2548 effusum
956 2477 1090 2574 depre-

81 2594 228 2666 hendit.
244 2592 366 2664 Habes
380 2593 493 2690 igitur
502 2591 600 2662 hanc
610 2614 765 2690 quoque
782 2595 1031 2687 accessionem
1042 2594 1091 2663 ad

83 2712 144 2782 illa
162 2734 248 2807 quae
276 2708 323 2778 dc
343 2710 544 2806 sanguinea
571 2710 765 2807 apoplexia
792 2710 981 2806 pollicitus
1009 2707 1087 2779 fue·

82 2854 173 2898 ram.
186 2829 237 2896 Ea
249 2827 278 2895 si
287 2824 354 2895 tibi
362 2851 486 2922 neque
497 2827 640 2897 inutilia
649 2881 666 2925 ,v
675 2851 798 2922 neque
810 2826 954 2923 ingrata
966 2824 1089 2914 fuisse,

85 2944 318 3027 intellexero,
327 2942 484 3015 alacrius
494 2942 727 3041 deincepsad
737 2944 807 3012 alia
817 2943 1086 3041 pergamVale.

119 3260 163 3336 (ι)
184 3259 264 3315 Diss.
283 3257 319 3311 de
335 3259 419 3314 Dura
432 3262 559 3330 MatreS
593 3267 619 3326 4.
