2784 4668
584 264 589 273 s

606 340 616 359 ,Ι

184 457 251 503 trs.
281 458 305 502 1.
334 458 380 502 nr
407 454 542 503 nonius
567 454 724 522 caems,
750 454 869 504 ,tamnv
889 458 944 503 111.
1001 440 1066 530 ldp

84 585 210 670 posset:
241 569 490 657 connivebat,
514 572 587 642 nisi
606 586 807 668 >quatenus
833 569 938 643 fusco
963 575 1070 670 quasi

85 690 229 788 glutine,
245 714 310 761 seu
332 715 446 760 muco
462 690 695 761 semisiccato
708 688 989 762 refarciebatur.
1006 695 1070 762 Ca·

84 833 155 877 vum
175 823 301 878 autem
320 806 480 878 alterum
504 807 544 877 in
565 833 698 881 omnes
719 807 972 879 dimensiones
990 831 1071 877 am·

84 925 195 1022 plum,
216 925 282 996 sed
312 926 517 1023 praesertim
545 927 584 995 in
605 924 901 1022 longitudinem,
928 926 1077 1024 quippe

85 1043 173 1139 quod
192 1043 241 1113 ad
256 1057 378 1114 totum
389 1044 486 1143 latns
502 1058 699 1114 externum
713 1026 857 1114 sinistri
873 1044 1073 1115 ventriculi

84 1161 373 1257 producebatur,
399 1163 555 1261 plenum
579 1178 658 1253 erat
682 1160 869 1258 ejusmodi
891 1163 1072 1258 sanguine

87 1277 222 1372 qualem
242 1278 283 1347 in
301 1276 430 1373 bajulo
453 1278 507 1377 (1)
536 1278 738 1377 descripsi:
754 1278 862 1373 cujus
887 1303 973 1375 pars
992 1302 1074 1349 ¹san·

84 1395 190 1491 guinis
210 1395 360 1470 modica
383 1398 425 1468 in
451 1422 536 1467 eum
549 1398 829 1490 uentriculum,
853 1395 1017 1493 indeque
1034 1396 1074 1466 in

84 1513 222 1583 tertium
232 1526 456 1611 pervenerat
472 1509 616 1609 duplici
635 1513 791 1607 trajecto
806 1509 1007 1602 foramine,
1026 1540 1075 1585 ex

85 1628 138 1699 illo
156 1655 251 1701 cavo
277 1632 316 1699 in
338 1631 531 1702 sinistrum
563 1629 817 1701 ventriculum
839 1633 1075 1728 pertinente,

85 1745 188 1819 altero
202 1747 250 1818 ad
268 1748 421 1845 parietis
439 1745 552 1842 hujus
567 1749 713 1816 externi
731 1749 942 1837 anteriora,
957 1749 1074 1821 altero

87 1863 122 1934 ad
141 1867 361 1964 posteriora.
382 1868 524 1939 Dexter
547 1862 798 1948 ventriculus,
814 1865 924 1958 cujus
943 1867 1075 1963 plexus

84 1981 273 2054 choroides
301 1997 380 2053 erat
409 1979 662 2077 subpallidus,
690 2003 827 2076 aquam
857 1984 1076 2055 continebat

85 2123 150 2170 non
163 2101 323 2172 multam
338 2123 520 2196 ,eamque
540 2122 694 2195 prorsus
714 2099 960 2171 incruentam.
981 2107 1076 2174 Cum

85 2218 273 2289 cerebrum
291 2217 543 2303 invertissem,
571 2206 714 2294 arteria
737 2215 835 2287 illius
854 2232 1013 2291 truncus
1036 2223 1076 2291 in

86 2361 190 2432 quem
214 2333 411 2417 confluunt
435 2331 680 2421 vertebraleS,
702 2335 887 2405 maculam
908 2336 1079 2409 exhibuit

86 2451 216 2541 albam,
243 2454 477 2551 ellypticam,
499 2451 713 2525 modicam:
734 2476 847 2549 quam
866 2471 1077 2551 perscruta-

85 2582 154 2659 tus,
170 2572 318 2659 inveni,
332 2595 409 2641 non
420 2570 531 2667 quale
538 2567 800 2649 ossificationis
809 2626 818 2660 ,
828 2584 875 2640 «ut
884 2573 1075 2668 putabam,

85 2686 223 2760 initium
238 2713 317 2760 esse
337 2686 571 2785 frequentius
591 2687 705 2776 solet,
723 2687 787 2763 sed
808 2687 901 2784 quid
928 2689 1078 2784 mollius

86 2804 118 2873 in
129 2807 220 2904 ipsis
239 2805 393 2903 quidem
414 2806 557 2877 arteriae
570 2805 794 2903 parietibus,
813 2807 929 2903 magis
948 2822 1078 2876 autem

85 2921 566 3021 interioribu53quanquam
577 2947 702 3020 neque
714 2924 940 3012 introrsum,
954 2949 1078 3022 neque
1128 2952 1131 2958 ¹

87 3055 290 3114 extrorsum
301 3041 379 3112 ullo
390 3041 505 3112 modo
517 3040 765 3139 prominebat.
785 3042 958 3139 Denique
972 3043 1080 3140 glan·

87 3154 204 3229 dulam
223 3160 449 3257 pituitaria-m
475 3160 573 3229 intra
598 3157 728 3235 sellam
748 3155 909 3253 desuper
926 3157 1080 3255 «inspec-

85 3286 182 3365 tans,
206 3275 313 3347 valde
341 3277 524 3347 humilem
557 3273 815 3345 animaduerti.
839 3275 929 3363 Quae
955 3290 1079 3349 autem

86 3389 140 3464 hic
159 3395 317 3494 scripsi,
335 3395 462 3465 omnia
478 3392 673 3491 plurimis,
687 3392 753 3489 qui
767 3390 947 3482 aderant,
967 3394 1081 3465 disci-

86 3512 178 3605 pulis
195 3512 352 3584 ostendi.

129 3654 162 3724 7.
180 3632 285 3727 AEgre
300 3630 389 3720 tuli,
402 3629 442 3700 id
457 3627 562 3727 quod
578 3630 710 3728 saepius
728 3630 903 3701 tamenin
911 3627 1080 3724 plebeiis,

117 3985 162 4064 (ι)
185 3988 299 4065 Supra,
316 4010 347 4047 n.
364 3996 392 4057 4.
