2784 4668
233 469 303 517 na.
332 470 356 516 1.
385 470 431 518 oe
455 468 593 518 nonnis
617 468 777 537 carrus,
802 468 914 520 rrrsr»
942 475 982 522 11.
1044 453 1111 526 123

105 579 221 654 rebro
242 582 376 652 vitium
391 582 441 655 ab
459 584 592 656 entem
609 585 744 675 latere,
762 608 877 684 aquo
893 588 934 658 in
952 612 1113 687 corpore

104 713 160 771 est
169 698 533 788 resolutio,trmetsi
541 726 623 774 rem
635 717 769 775 contra
780 729 817 776 se
830 703 973 777 habere
984 722 1024 778 ut
1034 706 1113 805 plu·

104 818 248 887 rimunr
258 871 268 905 ,
278 840 328 887 ne
344 816 465 888 dicam
484 819 764 918 propemodum
776 844 946 920 semper,
961 847 1006 894 ex
1017 846 1116 895 com·

102 935 325 1007 memoratis
338 935 515 1011 Valsalvae
529 937 858 1011 observationibus
873 939 1029 1036 planum
1053 941 1109 1013 sit.

103 1051 180 1140 Qui
196 1051 267 1123 etsi
284 1050 593 1127 observationum
614 1079 764 1128 suarum
792 1082 905 1154 quam
925 1057 1108 1156 plurimas

101 1157 149 1237 ad
176 1171 424 1266 sanguineam
454 1170 691 1275 apoplexiam
723 1174 926 1245 attinentes
953 1164 1110 1246 minime

100 1282 243 1357 chartis
251 1288 505 1379 concredidit3
517 1315 568 1361 eae
581 1305 706 1363 tamen
715 1305 809 1362 'sunt
821 1287 945 1363 adhuc
959 1315 1110 1388 supers—

97 1402 185 1474 tites
200 1428 298 1500 quas
305 1430 422 1504 supra
435 1405 721 1506 descripsimus,
742 1423 783 1479 ut
800 1432 850 1479 eae
864 1408 1006 1506 pariter
1024 1432 1107 1504 quae

94 1521 272 1616 proxime
288 1522 583 1622 describentur(
613 1524 638 1620 )

24 1898 28 1903 ·
133 1877 176 1954 Γ)
192 1880 256 1937 Has·
266 1881 414 1959 Wepferi,
429 1884 591 1953 Brunneri,
606 1884 722 1952 Planci,
737 1893 793 1943 ete.
804 1880 1027 1939 observationes
1034 1902 1108 1958 quas

89 1980 211 2054 profert
224 1984 422 2059 Morgagnus,
434 1995 464 2041 et
473 1984 510 2040 de
522 1983 630 2057 quibus
643 1993 792 2039 constaret
804 1982 981 2040 effusionem
992 1983 1109 2058 sangui·

90 2079 138 2144 nis
148 2099 213 2135 non
226 2099 344 2156 semper
353 2101 415 2139 esse
426 2078 577 2153 lethalem,
591 2084 643 2141 sed
652 2083 814 2161 aliquando
825 2082 990 2153 resorberi,
998 2083 1109 2140 'dissec-

91 2179 190 2236 tiones
206 2180 239 2235 in
254 2182 350 2238 Gallia
364 2182 524 2239 novissime
539 2182 624 2239 factae
636 2181 896 2239 confirmaverunt.
916 2180 1033 2254 Quibus
1049 2202 1109 2240 me-

91 2279 152 2336 dici
172 2280 351 2337 Parisienses
367 2299 423 2355 pro
438 2293 591 2356 comperto
609 2282 796 2353 habuerunt,
815 2281 973 2356 sepissime
989 2283 1108 2357 apople-

89 2379 190 2450 xiam„
211 2391 319 2437 natura
332 2380 535 2449 medicatrice,
551 2379 702 2456 sanguinis
722 2379 876 2436 effusionis
893 2372 1106 2455 absorptione,

89 2479 204 2549 evinci,
219 2490 248 2534 et
259 2491 395 2563 accurate
415 2480 539 2536 modum
553 2479 717 2537 curationis
736 2490 905 2556 spontaneae
919 2491 948 2535 et
960 2482 1105 2557 organica

88 2579 325 2654 descripserunt.
343 2581 517 2636 Mararnac
533 2581 652 2655 ‚primus
665 2575 723 2637 boc
743 2580 908 2655 praefulsit:
922 2604 935 2631 α
952 2580 985 2636 Si
997 2580 1104 2637 effusio

89 2679 266 2756 »sanguinis
275 2698 337 2735 non
347 2679 468 2751 occidit,
476 2680 627 2757 ,gradatim
637 2680 909 2759 coarctat3sanguis
920 2679 1051 2755 primum
1059 2683 1103 2736 ni-

88 2801 161 2857 »ger
172 2779 245 2836 dein
260 2777 407 2850 flavescit3
420 2781 509 2836 etiam
519 2800 585 2856 quae
597 2779 674 2837 fiunt
685 2780 767 2838 flavae
777 2780 900 2857 parietis
913 2780 973 2837 foci
985 2783 1102 2858 sangui-

86 2881 172 2953 nei,
182 2901 251 2957 quae
261 2881 345 2957 prius
352 2880 541 2953 rubicundam
553 2881 636 2938 focus
644 2881 767 2953 minuit,
781 2865 912 2959 dumque
924 2881 1044 2959 sanguis
1051 2882 1103 2939 ah-

88 3007 101 3032 i
109 2982 270 3051 sorbetur3
283 2974 412 3058 deinque
424 2966 625 3061 agglutinatur
633 2983 757 3039 omnino
771 2992 801 3038 et
810 2982 885 3038 nihil
898 2991 1031 3056 superest
1043 2981 1101 3036 nisi

85 3106 100 3135 s
108 3085 229 3140 macula
240 3080 327 3138 flava.
339 3082 496 3159 »fDrisert
508 3102 559 3138 sur
568 3085 610 3138 les
622 3083 802 3150 im'tations,
817 3082 921 3151 Parti,
938 3079 1036 3158 1807).
1050 3080 1101 3137 Iti-

85 3184 152 3240 dcm
159 3181 308 3239 Rocfrour
315 3179 1097 3259 scripsit;(llecherrhessurl¹apoplercie‚Paris,err-8⁰,

89 3283 164 3350 1811.
178 3281 204 3359 )
217 3281 351 3339 Tandem
368 3283 463 3357 Rroarl
481 3281 629 3358 imprimis
652 3282 694 3338 ita
716 3301 779 3339 rem
797 3274 1003 3351 confirmavit,
1019 3291 1054 3337 ut
1067 3280 1098 3336 in

84 3382 323 3459 controversiam
339 3383 444 3441 vocari
453 3401 518 3438 non
526 3383 644 3458 possit:
659 3394 727 3443 octo
749 3383 828 3438 enim
845 3380 1099 3458 apoplecticorum

86 3481 314 3540 observationes
328 3482 477 3559 evulgavit
495 3483 605 3558 quibus
623 3493 704 3558 patet
724 3466 877 3557 quomodo
891 3490 920 3537 ct
936 3480 1046 3555 quibus
1057 3478 1099 3537 la·

82 3570 320 3658 borisgradibus
329 3592 434 3639 natura
442 3584 481 3640 ad
491 3583 676 3641 curationem
684 3582 874 3658 perducatur.
884 3581 920 3636 In
933 3599 967 3636 ea
979 3581 1097 3656 sanguis

85 3681 196 3737 effusus
222 3681 429 3739 membranula
448 3682 648 3739 circumdatus
667 3681 804 3752 videtur,
828 3699 894 3754 quae
910 3679 996 3736 adid
1013 3680 1100 3736 desti-

86 3792 153 3837 nata
169 3793 215 3838 est
224 3793 260 3837 ut
276 3780 487 3838 absorbeatur:
499 3781 531 3837 in
542 3783 634 3839 altera
644 3821 653 3852 ,
665 3780 752 3837 labor
761 3778 823 3853 jam
837 3778 1016 3854 perfectior,
1031 3797 1096 3835 san-

86 3883 147 3958 guis
163 3883 346 3956 absorptus,
365 3894 393 3939 et
405 3884 436 3937 in
448 3884 516 3938 loco
533 3881 593 3937 foci
604 3881 722 3937 videtur
733 3880 892 3960 cavernula
909 3879 1095 3959 interne-ves-

86 3980 138 4038 tita
145 3983 321 4063 membrana
331 3979 432 4039 colore
441 3981 532 4054 flava,
542 3981 758 4057 continensque
766 3977 892 4036 fluidum
902 3997 1046 4035 serosurn.
1058 3978 1094 4035 In
