2782 4668
180 423 251 470 am.
279 424 304 471 1.
333 423 863 489 onnonrtscar1r1s,artsr.
890 430 954 476 vu.
1008 404 1077 501 367

62 538 275 635 praesertim
291 560 383 608 vero
396 538 435 607 in
452 538 607 609 matrice
623 540 811 636 conspexi.
832 546 878 610 ln
898 541 960 612 illa
977 544 1079 614 enim

62 670 149 729 tum
169 656 285 753 paulo
305 678 420 752 supra
437 654 604 729 valvulas
629 657 897 747 semiluuares,
925 673 1006 729 tum
1030 660 1078 732 ad

62 771 288 843 lumborum
307 771 499 845 vertebras
522 772 606 844 alba
624 775 727 847 intus
750 775 828 845 vidi
854 776 996 847 ossium
1020 779 1076 848 in-

64 889 303 961 choamenta.
331 888 403 960 Sed
421 903 530 959 utero
551 905 704 987 aperto,
725 892 850 991 reperi
882 893 923 963 in
952 911 1076 991 poste·

64 1009 189 1095 riore,
209 1005 416 1103 eademque
436 1008 629 1105 superiore
655 1004 764 1079 fundi
791 1023 896 1107 parte
930 1034 1073 1084 excres-

63 1129 226 1194 centium
234 1174 245 1210 ,
263 1123 394 1194 circuli
403 1108 706 1214 ambitu,colore
719 1129 882 1198 exterius
897 1146 1074 1219 cruento,

62 1265 84 1310 a
102 1240 247 1313 dextris
265 1242 522 1313 sinistrorsum
535 1258 767 1340 porrectam,
782 1246 889 1340 cujus
899 1270 974 1317 orae
989 1257 1075 1344 pars

62 1358 174 1454 quasi
192 1359 318 1447 tertia,
338 1356 509 1447 inferior,
533 1373 570 1430 et
584 1360 787 1450 sinistrior,
816 1360 863 1431 ab
883 1377 992 1433 utero
1017 1374 1074 1434 se-

59 1476 195 1571 juncta
219 1492 316 1565 erat,
334 1491 377 1550 nt
401 1476 555 1574 specillo
584 1475 756 1573 subjecto
781 1479 901 1549 attolli
931 1497 1072 1576 posset,

62 1593 256 1690 reliquum
287 1616 375 1667 cum
406 1594 504 1666 uteri
534 1592 741 1666 substantia
775 1597 982 1669 arctissime
1007 1622 1073 1668 an·

61 1735 224 1801 nexum,
241 1725 353 1810 atque
371 1711 465 1784 adeo
482 1737 528 1784 ex
545 1711 678 1783 eadem
693 1709 853 1804 factum,
876 1715 949 1786 nisi
966 1716 1072 1812 quod

60 1830 245 1920 secando,
265 1832 383 1930 magis
404 1830 508 1919 alba,
532 1845 747 1929 compacta,
767 1847 805 1904 et
824 1832 920 1903 dura
945 1834 985 1902 in
1007 1858 1071 1903 ex-

62 1951 270 2023 crescentia
277 1962 354 2021 tota
364 1948 730 2048 deprehendebatur.
740 1948 1071 2048 Nempescirrhm,

60 2090 127 2138 seu
142 2068 261 2138 mavis
275 2067 400 2149 cancri
415 2080 494 2138 erat
509 2067 680 2155 initium,
696 2067 835 2138 occulti
845 2070 956 2140 etiam
967 2082 1068 2158 tum,

60 2183 285 2272 humillimi,
305 2183 428 2282 plani,
448 2182 564 2287 laevis,
591 2208 661 2257 nec
689 2185 859 2280 majoris,
887 2211 1002 2283 quam
1027 2202 1071 2257 ut

59 2303 205 2374 extensi
221 2301 368 2400 pollicis
384 2298 488 2401 apice
512 2301 718 2400 obtegeres.
739 2304 776 2373 Si
795 2306 965 2400 proxime
988 2329 1070 2375 cer·

59 2420 150 2492 vicis
179 2417 391 2517 superficiei
417 2435 663 2508 structuram,
692 2436 729 2491 et
749 2420 923 2516 hymenis
949 2446 1069 2493 anuu-

59 2538 160 2624 lum,
174 2538 312 2634 exiguae
325 2536 479 2634 quidem
494 2537 721 2626 altitudinis,
738 2536 802 2608 sed
817 2539 1070 2641 nusquamxdi·

57 2656 282 2743 laceratum,
301 2670 504 2753 spectares,
523 2655 584 2723 vix
600 2652 736 2740 ullam,
756 2667 820 2724 aut
836 2654 979 2724 nullam
999 2655 1069 2725 viri

55 2773 234 2845 notitiam
263 2771 459 2843 mulierem
486 2769 586 2841 hanc
613 2768 805 2857 habuisse,
830 2771 1066 2869 intelligeres.

58 2891 200 2964 Cranio
211 2889 363 2960 tandem
383 2904 550 2977 exsecto,
563 2902 600 2958 et
610 2886 766 2958 cerebro
781 2887 981 2986 diligenter
991 2890 1068 2959 lus-

56 3024 179 3097 trato,
198 3007 293 3077 nihil
312 3009 457 3105 uspiam
480 3031 518 3078 se
537 3005 631 3077 mihi
657 3004 795 3076 obtulit
822 3004 1066 3076 adnotatione

56 3128 237 3224 dignum,
255 3124 327 3195 nisi
340 3148 426 3196 vasa
443 3124 565 3194 tenuis
582 3122 768 3218 meningis
786 3124 966 3219 sanguine
993 3124 1066 3196 dis·

56 3260 181 3332 tenta,
196 3258 232 3329 et
247 3244 326 3340 ipsa
342 3239 533 3328 facillime,
555 3239 824 3337 undecumque
844 3239 977 3327 velles,
993 3257 1065 3313 tra-

57 3361 189 3433 hentis
207 3360 342 3456 digitos
357 3382 536 3455 sequens3
558 3372 600 3429 ut
620 3360 766 3428 tametsi
782 3381 918 3453 aquam
932 3360 993 3429 vix
1006 3361 1066 3430 ul-

57 3481 136 3551 lam
152 3475 328 3562 viderim,
345 3501 425 3545 uon
441 3499 597 3572 prorsus
611 3489 737 3546 tamen
753 3471 935 3564 defuisse,
948 3477 1008 3547 vel
1022 3503 1065 3547 ex

56 3597 135 3668 hoc
152 3593 292 3664 indicio
308 3591 544 3687 conjecerim.

111 3711 165 3781 18.
187 3711 225 3778 Si
241 3706 336 3779 forte
350 3724 540 3805 expectas,
555 3723 596 3780 ut
610 3711 829 3808 priusquam
843 3707 958 3797 finem
974 3713 1064 3780 scri-

53 3828 175 3902 bendi
192 3825 343 3914 faciam,
356 3824 523 3897 indicare
537 3823 752 3923 aggrediar,
769 3849 843 3921 qua
860 3824 899 3892 in
920 3819 1065 3893 cerebri

56 3947 177 4044 ipsius
197 3957 322 4042 parte,
341 3956 378 4013 et
396 3966 471 4039 qua
484 3943 649 4029 ratione,
665 3955 703 4012 et
721 3943 788 4037 qui
805 3954 930 4011 motus
952 3934 1064 4025 fiant,
