2780 4666
308 403 379 477 308
471 429 518 475 mr
544 427 688 475 srnrrus
712 429 756 475 rr
781 425 903 475 causis
929 418 1136 478 uonnoanir

308 541 356 611 ab
373 536 541 636 ejusdem
559 542 754 637 sanguinis
769 554 877 625 motu
890 538 941 610 ob
957 565 1084 613 aereas
1103 541 1221 614 bullas
1235 545 1292 612 im·

304 656 435 756 pedito
448 709 457 743 ,
472 681 554 753 quae
563 655 866 727 tenuissimarum
884 658 925 726 in
942 682 984 728 ea
999 673 1106 755 parte
1117 659 1289 732 arteriola·

305 797 392 844 rum
424 775 611 870 angustias
647 768 891 859 obsidebant,
921 774 1128 871 earumque
1155 779 1288 848 'tunicas

306 887 556 961 distendendo
576 886 825 975 enervabant,
843 886 1029 986 simulque
1044 892 1150 962 initia
1168 915 1288 963 nervo·

306 1029 392 1078 rum
406 1003 649 1104 premebant,
672 1002 928 1102 apoplexiam,
947 1004 1186 1105 subitamque
1200 1007 1289 1078 illam

304 1137 466 1194 mortem
481 1122 677 1218 repetiero.
699 1123 778 1192 Nec
798 1121 935 1195 desunt
955 1121 1034 1194 aliae
1053 1125 1290 1223 apoplectico·

303 1264 388 1312 rum
405 1237 665 1326 dissentiones,
678 1226 717 1308 in
729 1262 894 1334 quorum
909 1237 1056 1311 cerebri
1067 1242 1163 1313 vasis
1179 1265 1239 1313 aer
1252 1241 1289 1311 sit

303 1355 593 1429 animadversus.
621 1355 730 1426 Binas
749 1351 920 1453 infran.(1)
937 1380 983 1426 ex
998 1360 1195 1429 Brunnero
1217 1381 1288 1455 pro

282 1481 285 1487 ’
304 1472 451 1546 ducam.
471 1471 548 1571 Ipsi
564 1496 715 1569 quoque
726 1473 862 1543 Joanni
873 1472 1075 1545 Wilhelmo
1087 1472 1288 1562 dibrechto,

302 1604 495 1662 anatomes
508 1572 710 1689 professori
720 1589 956 1688 Gottingensi
974 1588 1028 1687 (2)
1045 1614 1132 1661 cum
1148 1590 1287 1690 quidam

302 1723 458 1805 repente
472 1707 654 1803 ingruens
665 1730 780 1805 sopor
794 1708 917 1779 statim
928 1730 1099 1798 sensum,
1114 1723 1153 1780 et
1161 1710 1288 1795 vocem,

302 1824 402 1896 intra
413 1821 572 1893 biduum
588 1835 713 1895 autem
730 1824 845 1896 vitam
861 1823 1092 1913 abstulisset,
1106 1840 1151 1896 ut
1167 1824 1287 1895 medici

255 1980 258 1985 <
303 1954 427 2012 essent
441 1938 508 2035 qui
516 1938 719 2037 apoplexiae
730 1939 884 2012 nomine
900 1940 1286 2037 comprehendendum

303 2067 520 2139 censerent,
536 2055 576 2120 iu
594 2054 739 2122 cerebri
750 2057 844 2122 vasis
857 2055 1134 2125 evidentissime
1144 2080 1209 2128 aer
1217 2054 1284 2126 tuit.

301 2173 475 2243 Attamen
492 2169 531 2237 in
546 2166 605 2238 his
619 2165 741 2238 tribus
756 2166 948 2238 atiaeerant
957 2169 997 2237 in
1007 2168 1167 2241 cerebro
1185 2195 1286 2256 causa

302 2285 405 2359 unde
429 2284 487 2356 vel
512 2285 592 2356 sine
619 2282 684 2354 illo
711 2307 798 2354 aere
824 2306 903 2356 esse
928 2299 1055 2382 posset
1085 2287 1285 2386 apoplexia,
1368 2338 1369 2347 κ

303 2426 465 2505 quarum
488 2403 566 2472 vim
588 2422 784 2474 causarum
813 2416 961 2472 auctam
987 2402 1142 2503 quidem
1168 2431 1211 2478 eo
1234 2404 1284 2475 ad·

297 2521 452 2618 junctu,
482 2518 548 2590 sed
576 2542 656 2589 non
686 2532 854 2590 exortam
877 2534 997 2616 putes.
1026 2523 1071 2589 In
1097 2522 1284 2620 propositis

299 2660 392 2712 vero
415 2662 436 2708 a
457 2660 519 2709 me
543 2633 716 2732 AEthiope
733 2633 810 2731 (3),
831 2649 868 2707 et
891 2636 1078 2734 piscatore
1095 2662 1176 2709 non
1194 2652 1284 2711 erant

300 2755 341 2827 in
358 2751 535 2841 cerebro,
554 2765 689 2850 praeter
704 2775 849 2839 aerem,
865 2776 984 2824 causae
1006 2776 1092 2823 cum
1110 2755 1183 2827 illis
1199 2778 1284 2826 com·

298 2869 483 2972 paranda:
500 2868 571 2939 Sed
583 2867 704 2939 multo
718 2869 843 2942 minus
855 2866 959 2941 fuere
974 2869 1013 2939 in
1029 2867 1186 2959 femina,
1200 2895 1282 2969 qua,
1341 2922 1344 2939 .

298 3003 344 3059 ut
355 2985 522 3084 AEthiops
532 2983 608 3072 ,xad
627 3007 777 3056 sensum
790 3009 896 3074 sana,
914 2984 1037 3057 subito
1050 3002 1199 3059 mortua
1212 3011 1284 3057 cou-

297 3104 450 3175 ciderat.
465 3104 567 3199 ‘Ejus
593 3103 694 3174 enim
720 3102 878 3174 cadaver
906 3119 1096 3193 accurate,
1121 3119 1164 3176 ut
1186 3105 1283 3189 solet,

297 3243 498 3321 persecans
516 3220 750 3290 anatomicus
765 3218 989 3293 clarissimus
997 3218 1191 3318 Philippus
1204 3225 1283 3292 Con·

298 3335 412 3410 radus
442 3334 632 3419 Fabricius
665 3333 721 3431 (4)
749 3358 834 3407 cum
858 3335 1070 3409 istiusmodi
1094 3336 1281 3438 apoplexia

294 3530 600 3550 *mn-

356 3672 369 3708 1
404 3652 442 3708 Ν.
462 3650 509 3707 30.
576 3648 579 3653 ’

402 3752 565 3819 Commerc.
582 3749 688 3807 Litter.
704 3767 754 3807 au.
770 3749 856 3822 1736.
871 3751 968 3810 Hebd.
985 3769 1037 3822 ra,
1050 3769 1081 3808 n.
1099 3771 1124 3808 1.

402 3850 423 3907 S
466 3866 490 3904 r.
503 3867 533 3906 n.
549 3866 562 3904 1
588 3889 595 3904 .

400 3867 598 4027 Pidpemptib.
612 3946 651 4006 ad
664 3947 790 4006 Dissert.
803 3950 851 4007 Jo.
864 3946 964 4007 barth.
976 3945 1157 4008 Hoffiuauni·
