2774 4670
186 472 255 519 nm.
283 471 307 517 r.
337 472 382 518 nn
406 470 547 521 nonnis
568 471 724 538 carnis,
748 442 859 525 nrrsr'.
888 477 936 525 rx.
994 454 1066 552 489

65 610 155 681 que,
182 609 268 655 cum
293 582 344 657 ab
360 608 403 654 ea
419 584 640 674 concidens,
668 603 781 684 caput
806 589 997 677 allisisset,
1027 592 1068 660 in
1108 599 1111 606 '

64 701 136 773 hoc
153 703 417 775 nosocomium
437 717 590 800 excepta
609 717 673 775 est.
694 707 780 776 Non
796 707 1028 804 apparebant
1047 731 1069 777 a

65 820 189 916 primo
209 834 361 923 externa
383 820 486 919 signa
513 819 587 892 laesi
608 822 745 911 cranii;
770 822 836 895 sed
862 846 986 921 neque
1013 825 1071 894 in·

65 952 174 1008 terna
192 937 267 1009 laesi
289 935 444 1008 cerebri.
473 937 572 1008 Illud
595 950 723 1036 postea
750 940 983 1035 intellectum
1015 955 1070 1013 est
1117 988 1124 997 -

66 1052 215 1127 allisum
241 1051 353 1127 fuisse
371 1054 417 1126 ad
442 1053 607 1125 medinm
626 1056 724 1154 ossis
739 1058 887 1131 verticis
908 1057 1070 1146 sinistri3

64 1196 285 1269 quanquam
295 1171 368 1260 ibi,
383 1195 468 1243 cum
479 1195 521 1243 os
535 1174 771 1259 retexissent,
787 1173 882 1244 nihil
896 1176 1070 1272 apparuit

62 1289 163 1359 mali.
175 1288 232 1359 Ad
246 1287 443 1360 cerebrum
457 1303 582 1359 autem
596 1287 691 1361 nihil
702 1291 859 1361 omnino
873 1291 1068 1380 attinebat,

62 1406 137 1478 nisi
154 1406 351 1503 epilepsia,
371 1405 436 1478 sed
453 1405 530 1476 haec
546 1421 742 1494 consueta,
762 1408 870 1502 cujus
888 1410 1068 1479 accessio·

64 1548 134 1594 nes
154 1547 249 1622 saepe
281 1522 328 1593 ad
347 1522 450 1594 hunc
469 1522 624 1595 modum
642 1523 897 1597 recurrebant.
920 1525 1067 1596 Leviter

63 1641 231 1738 primum
246 1639 446 1727 tremebat,
464 1640 551 1712 dein
561 1643 686 1738 ,quasi
696 1640 813 1738 rigida
824 1695 833 1728 ,
845 1640 1066 1731 immobilis,

62 1772 99 1829 et
117 1758 305 1829 taciturna
321 1756 487 1853 jacebat,
511 1757 634 1829 donec
660 1758 708 1830 ad
728 1783 766 1830 se
785 1757 933 1831 rediret.
962 1763 1071 1833 Tunc,

62 1874 179 1981 semel
196 1873 348 1979 quidem
365 1874 486 1945 videri
509 1876 632 1972 potuit
650 1875 847 1963 delirasse;
865 1876 937 1946 nisi
960 1875 1066 1973 quod

60 1990 204 2063 credita
213 2006 268 2063 est
277 1993 569 2091 potius,quippe
580 2018 660 2091 quae
670 1992 716 2064 ab
726 1987 938 2065 accessione
948 1991 1064 2065 modo
1085 2058 1087 2064 Α

62 2125 287 2197 emerserat,
311 2108 361 2181 ob
386 2109 553 2182 relictam
581 2110 628 2182 ab
646 2111 716 2182 hac
732 2110 933 2208 quamdam
957 2112 1065 2207 quasi
1171 2200 1174 2210 Ι

59 2226 338 2325 stupiditatem,
355 2227 480 2301 minus
496 2242 582 2326 apta
593 2226 841 2325 respondisse.
856 2228 1064 2305 Novissime

58 2360 186 2416 autem
203 2344 376 2415 delirium
398 2344 550 2418 evidens
564 2343 651 2431 fuit,
670 2360 707 2416 et
730 2369 814 2416 cum
836 2359 944 2416 acuta
961 2342 1064 2417 febre

59 2462 328 2557 conjunctum,
358 2461 437 2532 leve
459 2476 606 2549 tamen,
632 2486 757 2557 neque
784 2458 863 2531 ullo
886 2473 1065 2557 praeterea

60 2578 137 2649 alio
157 2576 279 2648 affecti
304 2575 450 2648 cerebri
461 2575 606 2647 indicio
628 2578 817 2674 stipatum.
841 2576 943 2667 Quin
967 2590 1062 2664 tres,

57 2721 107 2768 au
126 2709 291 2792 quatuor
304 2708 515 2791 postremos
526 2692 622 2779 dies,
634 2691 827 2763 debilitato
839 2694 916 2787 jam
928 2692 1061 2788 pulsu,

55 2827 188 2884 mente
203 2812 340 2881 itemm
353 2810 539 2895 constitit,
552 2807 674 2878 donee
683 2805 833 2879 vivendi
844 2805 959 2919 finem
975 2805 1062 2881 fecit

61 2930 164 3002 cirea
177 2926 344 2999 medium
359 2924 600 2999 decembrem
615 2924 706 2994 anni
726 2929 828 3022 1741.
855 2958 864 3019 3

109 3044 306 3117 Cadaveris
322 3042 523 3129 urinarias,
536 3057 572 3113 et
588 3041 767 3139 genitales
786 3041 965 3112 duntaxat
973 3065 1061 3154 par:

57 3182 138 3254 teS,
155 3177 289 3260 praeter
305 3173 435 3258 caput,
452 3159 706 3230 dissecuimus.
723 3161 766 3230 ln
785 3157 856 3229 illis
870 3155 965 3228 nihil
981 3163 1061 3229 non'

60 3279 270 3355 secundum
280 3267 452 3349 naturam
464 3300 541 3349 esse
554 3277 674 3367 visum
687 3291 763 3362 est,
781 3276 812 3346 si
828 3272 989 3356 fundum
999 3303 1062 3349 ex·

58 3399 178 3495 cipias
195 3396 292 3468 uteri
309 3396 416 3489 cujus
435 3393 652 3465 interiorem
671 3390 803 3463 faciem
821 3405 937 3464 totam
954 3394 1061 3466 inve-

58 3517 188 3585 nimus
205 3539 251 3585 ex
266 3513 393 3584 colore
413 3526 570 3583 cruento
598 3508 837 3607 subnigram,
864 3510 917 3582 sic
933 3524 1060 3582 tamen

58 3647 103 3704 ut
119 3631 181 3701 hic
201 3630 306 3702 color
318 3652 452 3727 parum
465 3627 537 3699 alte
551 3629 591 3698 in
606 3627 704 3699 uteri
716 3624 960 3698 substantiam
975 3624 1059 3698 des·

56 3747 246 3835 cenderet.
265 3746 308 3817 ld
328 3745 375 3816 ad
390 3759 623 3816 menstruum
641 3742 861 3840 sanguinem
877 3764 956 3811 nou
977 3731 1059 3811 at'ti-
1083 3758 1087 3761 ·

56 3866 206 3951 nuisse,
220 3887 307 3933 cum
324 3862 491 3933 mulieris
502 3858 691 3931 indicabat
705 3874 810 3947 aetas,
829 3873 907 3928 tum
922 3854 1059 3928 frustra

53 3996 200 4072 tentata
213 3978 389 4078 subjectis
399 3979 522 4076 digitis
534 3978 631 4050 uteri
643 3977 786 4075 pressio
802 3972 1057 4062 confirmavit3
