2784 4668
202 489 272 537 un.
301 491 325 536 1.
352 491 399 536 nn
425 486 562 537 nonnis
587 484 747 551 cirins,
773 483 886 534 nrrsr.
906 468 962 533 f11;
1016 459 1083 535 133

86 599 171 675 disse
182 602 472 690 lacerationem,
489 598 630 673 credas.
648 602 742 671 Nam
753 598 941 693 etsensim
958 620 1084 696 posse,
1139 616 1141 620 ’

86 735 117 790 et
137 716 251 791 ferme
276 719 438 792 latenter
463 716 640 789 cerebelli
667 716 890 814 particulam
915 715 1083 813 aliquam

85 837 125 908 ad
141 839 406 910 lacerationem
432 836 604 935 disponi,
630 848 667 907 et
694 856 780 906 cum
807 832 887 906 haec
917 832 1083 932 denique

24 1000 26 1003 -
86 969 228 1053 repente
243 955 402 1042 accidit,
420 976 514 1052 saepe
525 947 565 1023 in
582 950 854 1048 circumpositae
869 949 1083 1025 substantiae

86 1071 245 1168 partibus
260 1095 442 1173 apparere
452 1071 564 1142 etiam
574 1093 685 1167 posse
693 1069 885 1140 laesionem
896 1069 1083 1164 ejusmodi

87 1213 158 1285 quae
174 1192 242 1262 etsi
259 1198 395 1263 recens
418 1188 485 1277 sit,
505 1188 698 1285 antiquam
719 1201 846 1258 tamen
864 1186 971 1284 quasi
997 1212 1083 1258 ero·

88 1306 219 1393 sionem
240 1308 471 1396 mentiatur,
489 1329 536 1377 ex
553 1305 634 1376 aliis
659 1306 797 1376 nostris
818 1303 1006 1403 intelliges
1022 1304 1083 1377 lit-

87 1424 164 1496 teris
184 1423 238 1522 (1)
258 1478 269 1512 ,
291 1423 349 1521 (*)
470 1446 482 1513 ἣ
585 1486 587 1493 .
842 1426 846 1433 ’

58 1590 60 1594 ⁴
129 1538 181 1614 25.
208 1540 363 1614 Utinam
385 1540 426 1612 id
446 1564 603 1639 quoque
627 1538 843 1628 declarare,
869 1538 930 1610 vel
956 1539 1084 1637 potius

89 1656 242 1730 divinare
253 1658 460 1755 aliquando
470 1681 666 1757 possemus
678 1656 783 1756 quod
791 1656 962 1730 Valsalva
972 1655 1085 1728 nobis

90 1775 230 1871 quidem
242 1776 335 1848 olim
347 1776 439 1848 dixit
450 1831 461 1864 ,
471 1776 536 1848 sed
550 1799 760 1873 nusquam,
776 1774 881 1872 quod
901 1775 1082 1862 sciamus,

91 1892 256 1991 scriptum
264 1882 434 1992 reliquit,
445 1916 532 1967 cum
543 1892 747 1990 quemdam
759 1890 955 1990 apoplexia
967 1892 1084 1964 inter·
1157 1898 1161 1903 “
1198 1938 1202 1953 .

91 2003 221 2082 lecisset
242 2010 350 2107 (erat
367 2010 553 2106 isjanitor
577 2013 779 2083 Servorum
799 2006 948 2104 Mariae)
970 2026 1012 2079 ‘se
1040 2033 1101 2094 ex,

90 2125 171 2196 nudi
186 2128 341 2226 corpori
357 2126 615 2226 inspectione,
629 2124 867 2224 predixisse,
880 2125 1084 2224 apoplexia
1208 2154 1212 2159 ·

91 2264 223 2316 causam
243 2246 287 2316 in
304 2243 492 2317 cerebello
505 2245 703 2315 inventum
720 2243 768 2315 iri
786 2269 794 2312 :
814 2241 931 2341 idque
950 2244 1084 2316 sectio-

89 2382 165 2431 nem
191 2360 469 2460 comprobasse.
496 2363 592 2439 Nam
619 2375 703 2433 utra
729 2340 884 2458 quidem
911 2360 951 2431 in
976 2359 1114 2458 parte'

92 2477 222 2550 cerebri
250 2479 388 2551 aritium
413 2479 490 2568 sit,
530 2464 872 2550 animadvertentes
904 2476 1084 2549 duntaxat

93 2593 182 2688 quod
197 2596 348 2667 inlatus
360 2594 619 2694 apoplccticus
633 2593 825 2682 ceciderit,
837 2618 909 2665 nos
925 2617 1083 2690 quoque

92 2709 280 2805 conjecisse
307 2710 379 2808 (a)
397 2711 660 2801 meminimus;
677 2712 718 2782 in
741 2709 929 2813 cerebello
954 2724 1081 2782 eutem

123 3023 161 3103 (t)
179 3030 272 3104 Epist.
289 3029 325 3102 3,
340 3048 370 3084 n.
384 3029 413 3085 3.

122 3121 166 3203 (Ἴ
183 3130 218 3185 In
232 3147 268 3186 ea
279 3128 405 3212 epistpla
418 3129 600 3205 Morgagnus
613 3126 750 3184 cerebelli
764 3126 935 3203 apoplexiae
948 3138 1080 3184 tantum-

92 3223 166 3282 modo
180 3230 306 3303 praebet,
330 3228 442 3284 nullam
460 3246 528 3304 quae
544 3226 584 3284 ad
595 3226 755 3284 medullam
773 3226 918 3302 spinalem
934 3228 1083 3305 pertineat

93 3319 232 3401 describit,
249 3346 346 3405 neque
360 3327 474 3391 indicat
487 3327 663 3404 quidemn
676 3324 743 3384 lieri
763 3327 880 3403 possint
897 3327 952 3385 nec
972 3348 1019 3385 ne.
1037 3329 1082 3403 Ex

92 3417 728 3508 illiusdescriptionibuspatet,cumcorpora
735 3426 889 3498 incideret,
901 3427 1080 3486 Rachidium
1110 3454 1113 3459 ·

92 3524 228 3599 nunqnam
247 3527 419 3604 inspexisse.
443 3527 582 3585 Medulla
601 3537 706 3587 tumen.
721 3527 829 3601 spinuli
854 3528 1018 3605 apoplexiae
1032 3547 1082 3584 ex-

93 3626 160 3677 tant:
176 3645 300 3702 quarum
312 3627 434 3703 quidem
450 3637 521 3703 post
539 3637 666 3687 mortem
683 3628 785 3702 plures
805 3627 1000 3703 agnovimus:
1018 3647 1082 3686 non

93 3730 176 3779 tutem
187 3725 334 3787 affirmare
344 3726 468 3784 velimus
481 3715 549 3785 sine
557 3727 672 3785 cerebri
684 3727 849 3804 apoplexiis
861 3725 928 3784 fieri
938 3746 1037 3803 posse.

715 3825 843 3904 (Adnot.
852 3827 1041 3905 ssdaiorum.)

126 3917 164 3998 (ἢ)
181 3924 302 3984 Advers.
315 3928 464 3999 Anat-Vl,
475 3926 617 3985 AnImad.
629 3926 667 3996 84
679 3937 709 3985 et
720 3926 814 4003 Epist.
822 3928 911 3983 Anat.
919 3928 993 3994 VII,
1007 3946 1036 3982 n.
1047 3927 1078 3998 6,

97 4018 250 4095 etxlllm.
262 4025 308 4082 16.
437 4048 441 4059 ¹
