2774 4670
302 419 372 508 458
464 446 509 495 aa
535 446 679 499 anninus
703 448 748 495 rr
772 447 894 495 causis
919 448 1130 495 acarnania

302 700 1296 747 mmmm

298 862 596 985 *nrisrom'
618 896 1200 981 Auarouicouanrct
1217 900 1285 979 ix.

506 1100 564 1196 De
581 1130 617 1196 E
613 1125 776 1224 pilepsia
793 1091 911 1197 sermo
929 1127 1098 1198 habetur.

291 1305 521 1448 ,Verrium
541 1360 586 1431 de
606 1385 681 1458 qua
696 1342 735 1431 in
757 1362 1023 1459 Sepulchreto,
1043 1362 1225 1460 proxima
1240 1384 1302 1431 seo

310 1479 410 1548 tione
418 1482 468 1547 XI
476 1479 615 1576 agitur,
625 1478 726 1551 haud
733 1504 820 1550 raro
835 1480 876 1549 in
889 1480 1140 1578 apoplexiam,
1150 1494 1190 1549 et
1203 1502 1302 1575 sopo-

310 1619 412 1666 rosas
425 1592 638 1667 affectiones
651 1595 866 1694 degenerat,
884 1621 929 1666 ex
945 1595 1086 1693 quibus
1104 1596 1238 1692 plures
1252 1594 1304 1664 de

311 1714 425 1808 nique
445 1715 635 1782 intereunt
650 1713 876 1810 vertiginosi.
890 1712 1001 1801 Quod
1012 1737 1099 1782 cum
1116 1712 1304 1808 producta

311 1830 403 1899 inea
419 1830 581 1901 sectione
590 1827 880 1916 observationes
893 1829 1134 1924 disertequel
1149 1844 1188 1899 et
1197 1832 1306 1898 Xlos

312 1945 569 2032 tendunt,tum
577 1942 1307 2043 propositaeinepistolissuperioribusli)

312 2061 389 2133 aliae
399 2060 634 2133 confirmant.
652 2065 742 2150 Quae
759 2086 846 2133 cum
859 2063 908 2133 ita
919 2063 1009 2149 sint3
1022 2076 1203 2159 praestare
1218 2059 1308 2130 arbi·

313 2196 472 2265 tramur,
491 2193 533 2249 ut
553 2180 597 2250 iis
617 2178 679 2250 hic
699 2179 853 2253 minime
872 2162 1054 2276 repetitis,
1073 2193 1308 2249 transeamus

314 2296 486 2392 protinus
505 2294 551 2364 ad
570 2296 771 2374 sectionem
791 2299 877 2383 XII,
901 2319 983 2391 quae
1008 2294 1054 2364 de
1074 2293 1217 2363 morbo
1243 2307 1308 2378 est,

238 2452 240 2457 ·
314 2414 354 2482 in
373 2438 485 2509 quem
505 2414 613 2482 etiam
632 2436 727 2509 saepe
740 2413 884 2510 vertigo
902 2411 994 2499 abit,
1007 2410 1208 2508 Epilepsia.
1229 2414 1311 2480 Ver·

315 2530 575 2628 tiginesenim,
593 2544 635 2599 ut
647 2544 747 2599 recte
765 2504 929 2600 Galenui
948 2528 1002 2624 (a)
1018 2527 1168 2613 docuit,
1176 2532 1309 2624 proai·

203 2634 205 2640 ⁸
316 2672 388 2719 mre
410 2663 496 2717 sunt
525 2649 660 2719 morbis
686 2645 945 2732 comitialibus,
974 2660 1012 2715 et
1033 2651 1076 2715 iis
1099 2669 1197 2742 quos
1224 2668 1311 2744 apo·

310 2763 463 2862 planias
478 2769 687 2850 nominant,
708 2766 759 2835 sic
777 2778 819 2833 ut
828 2758 1055 2860 praeeedant
1070 2763 1309 2860 epilepsiam,

316 2896 353 2950 et
368 2881 618 2978 apoplexiam.
637 2880 828 2978 Epilepsiae
845 2894 968 2952 autem
992 2903 1060 2976 per
1087 2903 1144 2965 se,
1173 2895 1219 2950 ut
1241 2881 1309 2949 visa

318 3012 388 3084 est,
408 2995 605 3068 mortifera
617 3022 750 3086 unam,
763 2996 863 3066 haud
881 2996 1060 3092 amplius,
1074 2995 1309 3067 Valsalvare-

317 3113 427 3211 liquit
439 3113 739 3186 observationem
754 3138 910 3211 eamque
923 3111 1166 3210 perbrevem,
1179 3137 1260 3210 quae
1270 3109 1309 3181 ad

313 3230 422 3300 hunc
441 3230 596 3301 modum
615 3228 795 3302 sehabet.

368 3375 399 3419 a.
421 3350 487 3419 Vir
500 3349 780 3445 sexagenarius,
793 3347 978 3445 epilepsiae
993 3344 1204 3434 obnoxius,
1217 3344 1309 3417 febre

321 3466 532 3562 corripitur.
552 3466 646 3535 Huic
661 3490 706 3535 ex
717 3458 922 3562 improviso
941 3462 1157 3559 supervenit
1175 3462 1310 3560 epilep-

320 3583 390 3669 sia,
419 3605 464 3650 ex
491 3605 564 3676 qua
591 3583 759 3651 moritur.
779 3585 882 3652 Inter
900 3602 1059 3650 crassam
1088 3593 1307 3674 tenuemque

359 3878 402 3957 (r)
423 3876 1162 3954 II,n.9,aa;111,n.16;1V,n.11;Vl,a,6.

326 4040 333 4047 Α
355 3977 399 4056 (a)
420 3981 457 4035 In
469 3978 583 4053 Aphor.
597 3980 759 4036 Commeat.
778 3980 812 4050 3,
834 3996 879 4047 17.
