2784 4668
183 500 252 547 1111.
276 501 300 547 1.
329 498 375 547 ne
401 497 537 551 uoarls
562 498 712 547 cirrum.
741 499 852 547 srrsr.
882 500 938 546 111.
996 478 1062 574 149

71 616 127 684 tim
156 637 243 685 cum
271 612 503 711 gravissimas
535 606 751 710 apoplexiis
784 635 826 683 ea
856 611 1062 709 aliquando

71 729 299 818 antecedant,
318 753 401 827 quae
420 729 479 799 vel
500 727 576 801 sola
596 728 643 799 ad
662 728 701 798 id
716 727 960 827 cogitandum
976 755 1063 828 per-

72 845 205 919 ducant.
227 848 287 919 Sic
306 870 390 933 eam
405 871 489 944 quae
507 847 607 918 intra
626 844 828 916 duodecim
847 845 961 919 horas
982 872 1062 920 sus·

71 963 143 1034 tulit
170 963 355 1060 collegam
383 977 557 1035 nostrum
592 963 837 1047 clarissimum
862 964 1063 1034 Bernardiss

71 1104 149 1153 num
175 1081 461 1171 Ramazzinum,
487 1082 565 1152 duo
590 1093 855 1180 praecesserant
882 1103 1061 1179 aneurys-

71 1212 172 1286 mata,
198 1195 286 1271 faba
309 1224 389 1271 non
411 1200 570 1296 majora,
594 1222 761 1297 quorum
788 1198 952 1295 singula,
973 1222 1077 1289 raro,

71 1315 247 1413 exemplo,
274 1318 314 1391 iu
348 1314 478 1390 eadem
510 1316 669 1389 omnino
702 1315 789 1389 sede
822 1316 1061 1387 increverant

70 1428 155 1504 dorsi
169 1435 371 1531 utriusque
388 1458 545 1523 manus,
563 1435 611 1506 ad
629 1435 758 1532 anguli
777 1433 859 1528 ejus
878 1433 1059 1504 verticem

70 1550 123 1644 qui
145 1547 244 1619 inter
273 1548 410 1646 digitos
438 1562 493 1619 est
513 1548 713 1645 pollicem,
739 1563 776 1619 et
801 1548 977 1621 indicem.
1007 1554 1058 1621 Ea

69 1686 147 1762 sape
167 1648 494 1762 nobisoptimum
520 1690 649 1737 senem
676 1667 875 1739 ostendere
905 1667 1057 1739 solitum

69 1763 293 1854 meminimus
310 1797 440 1875 coorta
453 1782 667 1854 novissimis
681 1783 764 1854 vitae
779 1785 905 1874 annis,
926 1800 964 1857 et
976 1785 1058 1859 illas

70 1895 145 1994 'qum
163 1915 274 1972 antea
290 1899 524 1997 pertulisset,
542 1913 625 1972 tum
643 1898 906 1974 vehementem
929 1903 1055 1976 cordis

68 2017 353 2117 palpitationem,
382 2030 464 2087 tum
483 2040 566 2113 quae
585 2014 684 2091 hanc
704 2014 869 2119 excepit,
884 2043 964 2090 non
983 2021 1054 2090 mi-

69 2157 126 2206 nus
142 2160 272 2207 saevam
289 2133 559 2208 hemicraniam
581 2158 899 2226 commemorare,
917 2139 957 2207 in
978 2165 1056 2236 qua

69 2249 263 2351 Philippum
283 2253 518 2355 Masierium,
539 2250 680 2341 aiebat,
699 2251 939 2353 chirurgum,
959 2258 1055 2329 sicut

69 2367 133 2462 ejus
145 2371 351 2447 ostendunt
364 2370 472 2459 libri,
487 2396 576 2444 sane
585 2372 848 2462 exercitatum,
862 2399 942 2445 rem
957 2376 998 2448 in
1013 2402 1051 2449 se

69 2485 245 2579 pandaevo
260 2485 523 2558 admirabilem
545 2484 857 2585 deprehendisse,
883 2491 1050 2564 calvariae

69 2603 262 2675 suturarum
296 2602 532 2675 discessum:
558 2602 668 2699 eujus
698 2604 862 2702 plurima
894 2606 1051 2705 quidem

69 2722 215 2819 exempla
229 2747 251 2792 a
271 2725 420 2817 Bonetq
429 2719 505 2817 (1),
525 2720 573 2792 ab
591 2721 814 2793 Ettmullero
828 2721 903 2819 (a),
922 2748 943 2794 a
962 2725 1052 2795 Stal-

66 2839 165 2930 partio
182 2839 258 2938 (3),
285 2830 333 2910 ab
354 2836 561 2910 Helwichio
575 2836 648 2935 (4),
667 2863 688 2910 a
704 2839 879 2910 Platnero
905 2839 979 2938 (5),
999 2841 1047 2913 ab

67 2949 338 3028 illustriHallero
351 2954 405 3053 (6)
420 2969 628 3029 memorata
641 2980 741 3046 esse,
761 2957 856 3046 sci03
873 2944 937 3029 sed
953 2974 1057 3057 quot,

65 3068 95 3139 iu
112 3074 410 3173 septuagenario,
430 3072 552 3171 qualis
565 3075 809 3169 Ramazzinus
829 3088 922 3147 tunc
944 3091 1049 3166 erat,

65 3191 194 3278 nesei03
211 3192 253 3262 in
276 3189 574 3262 senibusautem
596 3214 711 3287 quam
730 3188 883 3262 difficile
907 3207 1045 3266 suturae

149 3543 301 3620 Sepulchr.
315 3547 335 3601 1.
354 3566 387 3617 1,
405 3566 428 3602 s.
446 3566 478 3617 1,
495 3547 559 3604 obs.
574 3565 627 3621 92,
643 3558 672 3603 et
684 3544 785 3606 Schol.
800 3561 830 3606 et
841 3552 980 3627 Append.

148 3647 572 3719 Prax.l.a,s.a,c.3,art.
589 3666 617 3719 7.
869 3635 872 3641 Δ

150 3744 232 3803 Ceut.
249 3765 281 3817 1,
296 3746 361 3802 obs.
380 3765 411 3816 1,
425 3757 454 3802 et
468 3747 567 3804 Schol.

149 3840 222 3918 Eph.
236 3847 275 3902 N.
294 3846 328 3901 C.
342 3846 428 3902 Ceut.
447 3864 498 3916 10,
513 3846 576 3902 obs.
593 3845 642 3902 31.

145 3943 259 4019 Disput.
275 3946 312 4002 de
326 3945 393 4002 Oss.
407 3946 552 4022 Epiphys.
570 3950 586 4016 5
605 3946 654 4017 37.

92 4034 133 4115 16)
150 4043 196 4100 tt
210 4042 319 4103 Boerh.
336 4047 467 4103 Praeleet.
485 4047 518 4102 in
531 4046 631 4103 lustit.
644 4051 660 4118 ς
673 4045 746 4118 301,
758 4058 823 4102 not.
836 4042 866 4099 h.
