2782 4668
163 434 236 482 nm.
262 435 288 490 1·.
314 434 362 483 ur
388 433 524 480 uoarrs
548 431 705 497 cnrrrrs,
731 432 843 480 misr„
870 432 950 480 v111.
1004 412 1073 498 413

74 548 240 620 rentem?
256 548 483 646 Impotentia
504 547 604 621 enim
633 545 882 644 deglutiendae
911 549 1075 645 potionis

76 689 310 762 nequaquam
320 665 518 763 proprium
531 661 805 761 hydrophobia
814 664 996 737 iudicium
1007 681 1074 755 est,

75 782 141 852 nisi
159 806 249 852 cum
268 782 369 871 aliis,
390 796 431 863 et,
442 780 647 879 praesertim
665 804 752 853 cum
767 782 804 849 vi
817 782 1020 877 conjuncta
1035 808 1074 855 se

75 899 316 996 propagandi.
329 903 376 970 At
385 897 760 996 enimthydrophohia
771 901 970 996 peculiaris
980 927 1077 999 quae·

78 1015 158 1086 dam
172 1017 311 1113 angina
325 1031 400 1104 est3
418 1031 455 1089 et
473 1042 494 1086 a
511 1031 615 1088 certo
632 1015 817 1113 quodam,
837 1032 874 1089 et
895 1020 1076 1115 peculiari

77 1156 219 1204 veneno
240 1146 331 1209 orta.
352 1134 470 1229 Hujus
486 1134 601 1230 igitur
617 1134 754 1206 veneni
775 1149 947 1207 naturam
967 1137 998 1207 is
1018 1137 1075 1208 in·

79 1251 197 1321 veniat
208 1265 358 1348 oportet
368 1252 433 1347 qui
450 1250 723 1349 hydrophobia
737 1266 908 1325 naturam
922 1277 960 1324 se
974 1278 1075 1325 com·

78 1369 210 1464 perisse
224 1363 456 1463 profiteatur.
475 1367 547 1439 Sed
559 1393 683 1466 neque
696 1368 810 1465 hujus
818 1368 941 1440 morbi
950 1370 1077 1443 sedem

80 1484 358 1583 comprobatam
383 1508 486 1573 esse,
516 1484 637 1565 video.
662 1488 758 1557 Nam
787 1488 855 1559 etsi
884 1491 1077 1559 Aromata-

81 1602 151 1672 rius
167 1600 222 1697 (1)
241 1603 307 1689 ait,
328 1626 441 1698 quam
461 1602 540 1698 ipse
556 1605 754 1699 proposuit
767 1658 777 1693 ‚
786 1629 864 1702 per
880 1610 1078 1676 sectionem

75 1718 254 1809 facillime
273 1733 411 1817 patere
431 1698 575 1815 posse}
588 1721 736 1791 nullum
766 1737 891 1793 tamen
921 1747 1076 1821 prorsus

83 1836 154 1931 ejus
171 1837 226 1907 rei
244 1838 500 1907 anatomicum
516 1838 730 1935 exemplum
750 1839 927 1936 producit
946 1864 1077 1931 suum;

83 1954 234 2025 aliorum
252 1978 342 2027 vero
359 1977 438 2025 uon
454 1967 617 2049 poterat,
628 1955 784 2051 quando
800 1956 848 2027 ad
862 1957 942 2052 ejus
957 1983 1078 2055 usque

84 2085 217 2144 atatem
235 2071 342 2142 nulia
360 2069 524 2160 extabat,
551 2072 656 2170 quod
671 2074 807 2162 sciam,
833 2074 1079 2173 hydrophobi

84 2185 248 2261 dissectio
260 2172 395 2288 praetcr
408 2213 492 2263 eam
509 2215 623 2283 quam
635 2216 679 2261 ex
694 2193 934 2290 Caprivaccio
946 2209 1078 2266 nostro

84 2304 420 2404 insepulchretum
433 2306 487 2403 (2)
499 2308 656 2387 relatam
672 2309 786 2383 vides.
803 2315 934 2383 Postea
954 2328 1079 2384 autem

85 2445 157 2517 quae
174 2424 311 2495 habita
330 2422 500 2512 fuerunt,
523 2450 575 2496 eae
588 2451 724 2523 nempe
744 2443 832 2498 suut
856 2452 949 2525 quas
967 2454 1081 2527 supra

85 2538 341 2639 indicavimus,
356 2565 437 2638 quae
462 2541 555 2615 uum
576 2544 648 2639 ipsi
671 2539 818 2619 faveant
839 2561 876 2616 et
894 2562 1080 2642 quatenus

84 2640 195 2747 videa,
213 2660 245 2733 si
260 2660 402 2756 anginae
419 2661 677 2756 acceptionem
696 2661 920 2747 contrahas:
943 2664 1000 2734 sin
1016 2690 1079 2736 au·

86 2786 153 2844 tem
171 2801 287 2873 quam
306 2774 481 2857 latissime
499 2789 627 2873 patere
646 2777 768 2865 sinas3
788 2802 923 2850 vereor
939 2806 986 2852 ne
1003 2796 1078 2855 tam

87 2894 261 2986 generalis
280 2894 459 2975 doctrinae
484 2895 611 2965 minor
637 2895 777 2967 utilitas
803 2896 869 2984 sit,
899 2923 1012 2995 quam
1038 2916 1081 2972 ut

87 3011 275 3107 proposito
289 3012 374 3093 satis
391 3007 510 3085 faciat.
578 3082 580 3087 s

130 3152 183 3196 m.
203 3127 305 3217 Quid
322 3152 412 3224 ergo
433 3128 517 3203 est?
541 3133 621 3227 Ego
640 3128 796 3225 quidem
824 3155 895 3226 pro
919 3146 995 3205 tam
1019 3160 1080 3206 re·

87 3257 181 3317 trusa
200 3249 423 3329 atrocissimi
434 3249 605 3345 alioquin
619 3249 746 3323 morbi
759 3265 913 3341 natura,
926 3249 1081 3330 fortasse

88 3366 276 3457 pauciores
292 3365 418 3438 adhuc
437 3364 583 3438 habitas
598 3390 678 3441 esse
687 3366 952 3460 dissentiones,
969 3374 1085 3446 addu-
1145 3410 1148 3415 ·

88 3475 161 3550 bito
177 3481 249 3578 (3),
268 3497 380 3580 atque
400 3507 495 3582 aegre
509 3481 610 3574 fero,
627 3485 801 3558 noudum
815 3488 1082 3582 licuissemihi,

124 3774 165 3858 (i)
184 3783 268 3858 Disp.
284 3784 335 3840 cit.
352 3803 382 3858 p.
400 3791 434 3855 4,
451 3785 560 3860 partic.
575 3804 602 3841 a.

125 3878 459 3957 &Smffimn

127 3975 167 4056 (3)
187 3983 256 4041 vid.
265 3994 364 4041 tamen
375 3985 447 4042 alias
460 3984 554 4058 iufra,
569 4003 599 4040 u.
615 3985 647 4040 31
658 3996 709 4054 set
721 3985 816 4060 Epist.
829 3986 883 4055 61,
899 4005 930 4040 u.
943 4005 973 4059 9.

1130 3684 1139 3740 i
