2782 4668
274 408 345 498 418
440 432 486 479 nr
511 431 659 485 surinus
684 431 729 483 rr
754 431 880 483 causis
904 432 1115 481 nonnosum

270 544 409 632 ricula,
426 569 505 615 non
521 544 693 618 diceret?
710 549 766 617 De
785 545 927 619 caeteris
944 566 1028 642 quar
1048 546 1089 616 in
1105 571 1150 618 eo
1172 546 1294 618 cada·

269 677 572 760 vereconspecta
582 661 798 760 descripsit,
817 677 904 760 post
915 661 971 758 (1)
989 662 1139 735 videbo.

319 778 376 853 25.
391 781 525 852 Virum
543 793 629 852 ante
646 803 848 853 mensema
864 778 998 851 rabido
1019 804 1111 852 cane
1127 780 1291 853 demor-

268 921 352 969 sum
364 897 519 970 evidens
536 896 805 996 hydrophobia
821 897 899 992 jam
917 896 1080 971 tenebat.
1100 899 1168 969 Hic
1187 924 1291 969 vero

267 1013 471 1103 delirabat,
493 1015 634 1112 jugiter
653 1012 855 1102 clamabat,
877 1011 1123 1086 febricitabat.
1155 1017 1289 1087 Semel

265 1132 306 1203 in
319 1156 485 1231 aquam,
507 1134 631 1205 serius
654 1129 827 1221 fortasse,
847 1147 888 1204 et
907 1133 985 1228 jam
1007 1131 1189 1223 debilior,
1206 1134 1289 1204 irn-

264 1275 427 1340 mersus‚
442 1253 504 1323 vix
520 1249 610 1322 inde
624 1266 820 1349 exemptus
839 1248 982 1338 fuerat,
1005 1275 1091 1322 cum
1109 1251 1287 1323 miserri-

262 1392 364 1440 mam
387 1368 555 1467 alioquin
583 1369 706 1440 amisit
735 1369 861 1441 vitam.
890 1368 1058 1441 Cadaver
1087 1367 1287 1459 hominis,

263 1487 414 1585 gravius
430 1486 525 1558 adro
545 1486 684 1558 morbo
705 1487 845 1575 vexati,
867 1486 926 1557 vel
950 1500 1037 1585 post
1058 1485 1171 1558 horas
1198 1511 1285 1557 am·

147 1588 150 1599 ¹
260 1604 362 1704 plius
379 1604 513 1704 viginti
528 1619 713 1702 quatuor,
733 1618 771 1677 et
786 1618 959 1702 tempore
975 1604 1066 1675 anni
1077 1600 1283 1677 ferventis-

261 1723 378 1810 simo,
396 1722 436 1794 id
457 1737 514 1794 est
533 1736 620 1794 aute
636 1723 808 1820 quintilis
821 1720 938 1793 finem
950 1722 1040 1793 anni
1061 1722 1174 1819 1739,
1191 1748 1277 1794 non

260 1840 370 1911 valde
380 1837 543 1912 tentabat.
555 1838 722 1913 Etfacies
731 1840 886 1939 quidem
897 1839 1280 1912 ridebaturbominis

183 1969 191 1980 '
261 1958 369 2055 quasi
385 1956 473 2031 tabe
495 1961 735 2057 consumpti3
754 1974 792 2030 at
808 1982 949 2057 corpus
971 1958 1163 2055 relicuum
1193 1973 1277 2029 crat

261 2099 375 2146 omne
389 2077 477 2147 satis
495 2094 700 2149 carnosum
713 2090 755 2147 et
775 2077 972 2155 nutritum.
991 2074 1138 2147 Collum
1158 2099 1207 2145 eo
1234 2076 1277 2145 li-

258 2217 351 2264 vore
367 2191 574 2282 infectum,
594 2211 637 2266 ut
661 2195 721 2267 vel
739 2206 941 2293 postquam
960 2193 1060 2263 inter
1081 2191 1275 2263 dissecan-

164 2386 176 2405 ,
260 2310 354 2384 dum
369 2311 533 2383 multum
545 2313 736 2409 sauguinis
755 2308 970 2398 effluxerat,
991 2310 1122 2381 liveret
1132 2323 1272 2380 tamen.

257 2430 441 2502 Tumidus
452 2445 602 2518 venter,
621 2455 758 2528 nempe
778 2429 826 2505 ab
844 2430 1051 2517 intestinis,
1072 2442 1109 2499 et
1129 2432 1272 2500 ventri·

258 2549 346 2622 culn
366 2570 455 2619 aere
474 2547 662 2647 turgidis:
679 2570 765 2644 qun
783 2549 925 2619 viscera
943 2547 1016 2619 etsi
1035 2548 1271 2643 cae'teroquin

257 2666 467 2742 secundum
489 2681 663 2737 naturam
685 2688 727 2736 se
747 2663 887 2743 habere
914 2662 1162 2752 videbantur3
1184 2687 1269 2734 vasa

255 2801 385 2860 tamen
402 2808 484 2883 quae
505 2806 574 2883 per
588 2782 844 2857 ventrinuhrm
865 2797 1027 2880 repunt,
1053 2804 1134 2851 non
1161 2804 1271 2852 secus

185 2995 188 3000 .
257 2919 370 3002 atqua
395 2902 443 2974 ab
466 2903 610 2998 injecta
632 2901 783 2999 liquore
806 2900 938 2998 aliqua
961 2898 1157 2986 videmus,
1183 2920 1268 2971 sau·

257 3024 371 3122 guine
392 3021 555 3092 distenta
574 3035 691 3091 erant.
719 3023 765 3089 In
792 3021 875 3116 ipso
896 3014 1109 3089 tenuiculo
1130 3031 1266 3113 ‚praeter

256 3162 401 3227 aerem,
431 3163 529 3235 aqua
557 3163 603 3208 cx
632 3135 729 3208 flava
756 3137 893 3207 virens.
914 3137 1056 3231 Magna
1084 3133 1266 3228 jecinoris

254 3278 342 3356 pars
354 3256 491 3327 livida:
511 3256 593 3351 ejus
607 3268 731 3325 autem
740 3252 905 3324 vesicula
924 3248 1143 3349 pienissima
1162 3249 1265 3337 bitis,

254 3397 334 3444 non
344 3373 562 3472 nigricantis
576 3371 732 3470 quidem
744 3426 754 3460 ,
765 3358 831 3442 sed
845 3361 968 3442 fuscae.
978 3371 1132 3467 Septum
1147 3383 1263 3439 trans·

252 3515 404 3563 versum
424 3515 504 3560 non
520 3514 676 3588 prorsus
696 3488 846 3560 carebat
856 3486 1164 3559 inflammatione.
1177 3486 1261 3556 Pul·

254 3633 388 3680 mones
409 3622 487 3678 tota
509 3608 718 3706 posteriore
742 3623 846 3706 parte
868 3628 946 3676 non
967 3600 1084 3675 modo
1104 3604 1260 3701 nigrica-

252 3725 346 3798 bant
358 3781 367 3816 ‚
381 3726 446 3798 sed
461 3724 659 3798 tumebant
673 3726 805 3818 etiam,
823 3749 843 3796 a
864 3724 1074 3831 restitante,
1094 3735 1137 3791 ut
1157 3718 1260 3790 vidc-

293 3968 463 4046 tnnao·
512 3928 515 3939 ’
