2862 4668
461 491 775 543 raurerro
1076 472 1122 549 53

117 604 299 667 Trallianum
316 618 433 665 secutus
446 620 505 679 est,
525 611 602 685 uui,
621 622 655 666 ut
671 610 827 667 Freindius
841 608 1124 687 (r)animadvertit,

117 727 180 763 cum
193 709 298 769 coeten'
304 709 420 765 rnothoe
431 711 589 765 admodum
597 710 767 784 perturbate
779 712 984 782 collocassent,
997 713 1051 769 Itos
1061 716 1125 788 ipse

116 804 349 881 consequentem
360 809 458 882 capite
469 810 512 864 ad
512 811 609 885 pedes
620 811 771 883 disposuit.
785 811 881 867 Habea
895 829 1023 882 causam,
1032 831 1124 887 quare

117 926 180 962 cum
194 908 300 981 potius
313 907 351 964 ab
365 910 522 984 apoplexia
539 911 698 966 voluissem
715 910 834 966 initium
854 911 981 981 ducere,
1011 924 1124 989 utque

116 1006 148 1060 de
160 1008 274 1061 Morbo
290 1018 319 1062 et
334 1010 435 1081 plures
454 1005 551 1071 habeo
565 1000 787 1066 observationes
795 1051 806 1081 ,
827 1021 856 1066 et
869 1013 973 1085 plura,
992 1030 1027 1068 ac
1040 1016 1124 1072 varia

115 1106 260 1161 adnotare
274 1108 380 1180 potui,
395 1107 474 1162 uude
489 1096 624 1178 faiilius,
642 1119 671 1163 et
685 1110 793 1169 certius
807 1129 999 1185 cognosceres
1013 1114 1125 1185 quidin
1167 1158 1169 1162 v

114 1200 155 1260 his
173 1205 263 1261 libris
276 1206 440 1279 praestitum
453 1208 506 1276 sit3
522 1208 560 1262 ab
573 1209 677 1264 dolore
693 1219 792 1265 tamen
810 1211 915 1285 capitia
932 1230 999 1267 cum
1010 1214 1124 1271 Boneto

113 1305 247 1379 incipere
265 1304 429 1361 debuerim.
453 1308 582 1364 Ultimus
600 1319 702 1364 autem
722 1309 810 1366 index
826 1322 987 1389 propterea
1004 1312 1124 1369 uberri-

112 1425 176 1461 mus
188 1417 246 1477 est,
260 1409 332 1481 quia
344 1402 514 1482 singillatim
527 1419 672 1465 monstrat
683 1409 830 1484 quidquid
841 1413 931 1485 paulo
944 1412 1063 1487 dignius
1074 1414 1125 1471 ad-

112 1505 268 1562 notatione
284 1506 381 1562 videri
393 1518 507 1581 potest,
522 1507 584 1564 sive
596 1521 733 1565 anatome
744 1510 901 1581 utralibet,
924 1508 1124 1588 ejusquehis-

111 1606 204 1674 toria,
221 1615 251 1661 et
268 1617 354 1661 certae
374 1608 500 1679 quadem
519 1609 728 1664 controversie
747 1604 933 1682 spectentur,
955 1629 1008 1666 seu
1025 1613 1125 1669 varie-
1145 1650 1149 1655 x

111 1715 199 1776 tates,
215 1705 334 1779 aliaque
351 1707 450 1762 minus
465 1708 647 1783 frequentia,
663 1728 714 1765 seu
727 1709 842 1766 medica
853 1721 905 1767 aut
920 1711 1051 1779 monita,
1071 1722 1125 1768 aut
1187 1700 1193 1711 .

112 1804 287 1875 observata,
308 1816 337 1861 et
356 1806 498 1880 aquibus
516 1807 589 1876 sint,
614 1827 678 1882 quae
691 1828 708 1862 a
725 1809 811 1865 nobis
830 1805 1015 1881 hundeum,
1042 1818 1123 1870 nunc

105 1904 237 1979 primum
247 1906 409 1979 propositae
423 1905 624 1963 dissectiones.
638 1909 755 1964 Morem
771 1910 849 1964 enim
862 1910 1044 1966 servavimus
1056 1929 1122 1966 not-

109 2012 206 2073 trum,
223 2016 257 2058 ut
271 2004 380 2059 diserte
402 2020 456 2059 sua
469 2006 575 2078 cuique
588 2005 802 2076 tribueremus,
822 2008 953 2080 itemque
966 2020 1000 2062 ut
1016 2027 1122 2066 recen-

96 2087 199 2160 tiores
211 2105 291 2158 bene
298 2104 335 2158 de
346 2114 448 2159 nostra
460 2105 615 2174 facultate,
629 2116 679 2160 aut
694 2106 730 2160 de
745 2105 832 2162 nobis
844 2105 986 2182 meritos(
998 2109 1051 2181 qui
1064 2108 1123 2164 uti-

107 2222 177 2260 nam
194 2210 299 2259 omues
318 2199 475 2277 viverent)
491 2213 628 2257 auctores
644 2203 804 2277 plerosque
820 2203 999 2260 clarissimos
1014 2207 1122 2264 lauda-

106 2322 223 2374 remus,
237 2313 373 2375 veterum
398 2309 498 2357 autem
514 2300 678 2377 duntaxat,
693 2313 745 2357 aut
764 2314 841 2360 certe
854 2321 917 2358 non
933 2304 1058 2380 amplius
1071 2307 1119 2361 vi-

50 2462 53 2469 ,
108 2403 243 2458 rentium
252 2403 352 2477 lapsus
366 2400 491 2475 aliquos,
504 2419 543 2456 ne
552 2399 687 2472 juniores
700 2419 805 2457 eorum
819 2401 935 2459 falleret
946 2404 1119 2477 auctoritas,

108 2502 288 2558 nominatim
294 2500 501 2557 indicaremus.
516 2502 599 2555 Inter
613 2518 678 2574 quae
689 2501 867 2576 praesertim,
882 2501 993 2576 quippe
1005 2502 1044 2557 ad
1059 2502 1120 2562 ius-

109 2603 234 2658 titutum
269 2610 406 2657 nostmm
439 2599 624 2675 precipuum
646 2599 819 2670 attinentes,
846 2600 892 2655 illi
924 2600 1131 2679 designantur,

109 2702 184 2776 loci,
199 2701 256 2757 ubi
271 2690 510 2775 insepulchreto
534 2717 599 2773 quae
621 2698 799 2769 desiderari,
818 2717 886 2774 quae
904 2699 1032 2775 corrigi,
1050 2720 1118 2775 quae
1160 2728 1173 2749 t

111 2802 207 2873 demi,
226 2802 260 2857 in
277 2798 381 2876 primis
395 2810 494 2854 autem
511 2816 579 2872 quae
591 2797 663 2856 addi
680 2816 767 2875 posse
782 2798 847 2857 visa
864 2798 943 2870 sint,
962 2816 1025 2855 uon
1042 2799 1117 2857 reti-

110 2903 237 2959 cendum
251 2886 330 2971 esce}
346 2898 536 2955 credidimus.

138 3041 198 3096 ‚¹7·
212 3021 262 3076 Ad
272 3019 350 3077 idem
361 3029 463 3085 autem,
469 3017 638 3075 institutum
649 3056 658 3087 ‚
671 3018 697 3074 ai
710 3016 784 3091 quid
800 3015 881 3073 aliud
888 3057 897 3089 ,
911 3017 972 3074 duo
985 3027 1063 3074 certe
1073 3029 1116 3075 et·

106 3122 206 3179 tinent
225 3119 334 3194 reliqui
345 3119 458 3177 indices
470 3119 633 3188 secundus,
651 3129 680 3175 et
692 3118 813 3188 tertius,
837 3101 943 3192 utpote
959 3135 1035 3194 quot
1051 3134 1115 3175 non

107 3234 168 3279 tam
182 3219 382 3289 confecimus,
394 3230 429 3275 ut
445 3219 666 3277 observationes
678 3218 725 3275 his
736 3217 822 3274 libris
832 3219 1012 3293 propositae,
1025 3238 1115 3293 quam

107 3335 139 3379 ut
151 3323 176 3380 oi
189 3320 267 3378 viris
278 3319 458 3377 doctissimis
463 3321 553 3376 index
561 3320 638 3378 forte
652 3330 756 3375 neuter
768 3319 939 3394 displiceat,
956 3313 1036 3375 haud
1050 3320 1114 3375 dis-

109 3424 195 3480 simili
217 3421 336 3478 ratione
355 3419 413 3477 illae
435 3438 555 3495 quoque
578 3437 680 3476 omues
703 3436 770 3493 quae
790 3418 823 3475 in
841 3416 1028 3493 sepulchreto
1049 3419 1113 3492 jam

108 3532 224 3595 extant,
243 3532 295 3578 aut
311 3520 448 3595 deinceps
464 3518 607 3576 addenda
619 3529 707 3588 aunt,
726 3516 759 3573 iu
781 3528 923 3593 promptu
941 3520 1111 3575 nonmodo

108 3622 191 3699 ipsae,
208 3639 316 3679 rerum
331 3631 361 3675 et
379 3619 494 3695 singula
513 3637 580 3695 quac
595 3617 771 3688 continent,
789 3635 851 3677 esse
869 3617 999 3690 possint,
1018 3629 1047 3674 et
1069 3619 1112 3676 sic

108 3723 272 3802 pleniorem
287 3722 383 3776 multo
395 3719 553 3777 utilitatem
564 3719 681 3776 afferre.
697 3719 812 3776 Horum
821 3718 914 3793 igitur
924 3717 1057 3776 iudicum
1065 3720 1111 3811 alf

143 4052 182 4123 (ι)
198 4018 541 4115 ΗῌΜᾳάἰωᾱὼδοο.
