2784 4668
297 427 346 515 84¹
442 451 510 498 ⁴mr
535 449 681 501 surmus
705 446 749 498 rr
773 449 898 499 crusis
923 450 1132 503 nonnonuu

294 564 410 637 molle
427 577 465 635 et
478 561 679 637 flaccidum
697 558 822 653 esset,
834 565 999 671 medulla
1016 581 1143 640 autem
1161 568 1302 642 oblon-

294 695 533 784 gataparum
549 679 677 770 firma,
694 682 832 754 durum
851 682 1073 774 cerebrum,
1086 699 1131 756 ut
1146 709 1242 784 saepe
1260 688 1302 757 in

296 798 419 871 stultis
438 798 557 887 solet,
576 800 706 872 inveni
722 826 732 885 ;
751 803 898 873 tametsi
921 801 1137 876 lateralibus
1155 806 1302 876 ventri-

191 909 193 914 *
295 915 391 991 culis
405 915 562 1015 limpida
578 930 699 1015 aqua,
719 917 785 990 sed
800 943 920 1018 panca
936 920 1100 1011 inesset,
1119 945 1205 993 cum
1222 922 1300 1020 ple-

294 1031 405 1107 xibus
418 1033 860 1134 decoloribus,qu0ru1n
875 1038 1077 1135 posteriori
1094 1038 1192 1136 parti
1206 1041 1303 1111 vesi-

297 1152 408 1240 eulae,
421 1177 491 1225 nec
502 1167 629 1227 tamen
639 1152 787 1242 multae,
804 1153 1043 1243 insidebant,
1058 1155 1188 1227 eadem
1201 1181 1303 1253 aqua

294 1268 426 1371 pleuae.
442 1271 616 1369 Denique
628 1272 809 1345 auteriori
823 1268 929 1343 faciei
941 1271 1127 1369 glandulae
1141 1273 1302 1370 pinealis

296 1386 493 1485 quidpiam
523 1386 737 1461 adhaerebat
761 1386 874 1474 ssavi,
905 1388 1010 1486 quod
1036 1391 1136 1462 inter
1160 1389 1301 1488 digitos

217 1520 219 1523 ’
296 1528 581 1604 compressum,
605 1506 712 1603 quasi
732 1528 863 1581 arenas
883 1506 1112 1579 intermistae
1131 1506 1301 1598 babere,

203 1658 207 1669 1
297 1620 408 1697 sensi.

350 1782 403 1832 11.
430 1763 576 1832 Horum
596 1762 668 1833 alia
686 1761 760 1832 alio
783 1760 962 1851 attinent,
979 1776 1022 1835 ut
1044 1777 1180 1835 nostrae
1201 1788 1303 1861 quae-

295 1875 383 1948 dam
395 1892 527 1975 postea
541 1876 785 1955 declarabunt
799 1879 964 1977 epistolae
973 1876 1039 1978 (1)
1052 1878 1151 1950 Illud
1161 1905 1303 1969 unum,

179 2072 184 2087 ,
295 2006 340 2068 ut
355 1994 517 2091 opinor,
540 1993 588 2066 ad
608 1994 739 2093 capitis
752 1992 963 2086 dolorem,
990 1996 1096 2094 quod
1116 1997 1156 2068 in
1181 2021 1305 2070 crassa

178 2124 181 2133 '
295 2112 474 2210 meninge
484 2126 722 2210 compertum
736 2115 1061 2211 estQuaecumque
1074 2116 1174 2186 enim
1193 2139 1306 2189 causa

295 2226 410 2301 fuerit
427 2230 504 2301 sive
521 2231 692 2320 interna,
709 2232 950 2303 siveexterna
962 2259 973 2320 ;
986 2256 1204 2328 quanquam
1220 2232 1305 2303 nul·

298 2347 377 2421 lum
405 2346 517 2445 hujus
538 2348 736 2446 vestigium
763 2347 1033 2437 animadverti,
1058 2373 1127 2420 cur
1151 2370 1195 2423 ea
1215 2374 1304 2447 pars

259 2452 263 2460 ’
296 2466 487 2563 meningis
501 2467 543 2536 in
557 2466 650 2537 ossis
667 2490 764 2563 pene
774 2465 933 2559 modum
945 2464 1195 2553 induruisset3
1213 2490 1303 2564 pro·

298 2583 469 2658 clive'est
485 2583 716 2682 intelligere,
742 2583 1052 2681 quotiescumque
1072 2576 1220 2680 sanguis
1241 2598 1305 2655 aut

297 2705 431 2803 eopia,
455 2715 518 2774 aut
539 2701 751 2798 turgentia,
776 2715 852 2771 aut*
865 2699 1071 2770 accelerato
1097 2722 1166 2798 per
1189 2715 1305 2797 caput

297 2836 407 2895 motu
422 2822 500 2894 vim
515 2816 666 2890 afferret
680 2819 798 2906 vasis,
817 2841 899 2888 eam
915 2831 1060 2913 partem
1071 2839 1201 2887 versus
1218 2830 1304 2887 ten·

298 2938 475 3013 dentibus
487 2993 497 3027 ,
509 2936 678 3008 restitere
686 2934 753 3007 illo
766 2933 917 3031 objecto
929 2930 1204 3031 impedimento
1217 2957 1304 3005 san-

140 3136 142 3143 ,
179 3135 181 3139 .
299 3058 453 3156 guinem
482 3053 685 3142 debuisse,
715 3067 752 3123 et
781 3051 1037 3148 circumjectas
1064 3050 1160 3122 vasis
1188 3047 1304 3123 fibras

298 3173 488 3270 meniugis
501 3169 725 3242 distendere.
739 3171 872 3265 Neque
891 3168 1003 3239 aliam
1016 3167 1064 3238 ad
1079 3178 1228 3239 causam
1244 3194 1305 3239 re·

273 3306 276 3315 '
299 3286 390 3362 ferri
403 3286 548 3358 videbis
563 3288 606 3357 in
617 3285 862 3383 Sepulchreto
871 3284 925 3383 (a)
939 3284 1048 3384 quod⁴
1059 3283 1306 3383 cephalalgiae

301 3404 520 3480 miserlimoe
535 3404 590 3475 illi
604 3419 725 3476 essent
742 3405 912 3490 obnoxii,
933 3405 977 3473 in.
993 3400 1130 3500 quibus
1144 3416 1305 3500 utraque

300 3502 458 3597 meninr
478 3547 555 3624 per
581 3521 741 3620 aliquod
758 3525 941 3620 spatium,
965 3522 1066 3619 saepe
1095 3519 1189 3592 duos
1211 3517 1307 3617 digi-

341 3878 688 3962 (1)vid.V111‚n.13.
844 3918 847 3925 ,
939 3900 943 3915 ‹

204 3971 228 4071 ,ᾗ
341 3983 385 4069 (a)
408 3985 486 4074 Seetf
503 3980 559 4035 hac
577 3997 608 4050 1,
627 3977 691 4035 obs.
707 3995 753 4034 ra.
821 4014 826 4025 .
870 4019 893 4025 ..
