2780 4666
327 446 399 520 300.
490 473 538 517 nn
564 472 709 520 sanares
733 474 777 520 nr
802 472 927 521 causis
950 474 1158 523 nonnonnu

376 611 431 657 21.
453 583 612 656 Videtur
627 584 676 656 ad
699 584 800 658 idem
828 587 960 659 mortis
985 613 1103 686 genus
1130 614 1231 661 mors
1256 588 1312 660 illa
1367 606 1368 645 1

326 727 478 800 quoque
503 700 721 792 referenda,
739 728 821 801 quae
840 705 1011 777 immisso
1042 707 1081 775 in
1111 705 1313 803 quadrupe-
1367 714 1368 741 ³

325 819 417 891 dum
434 843 545 890 venas
556 844 657 909 aere,
670 822 872 918 contingit,
892 824 1148 919 experimento
1158 828 1314 894 utBrun-

324 961 439 1009 nerus
455 936 508 1034 (1)
525 937 702 1031 vocabat,¹
723 936 969 1036 Wepferiano.
988 945 1033 1011 Et
1050 964 1137 1011 sane
1152 940 1313 1013 laudatus
1367 1004 1368 1013 ,

323 1050 557 1126 Verdriesius
573 1054 627 1153 (a)
644 1080 664 1125 a
684 1053 860 1153 Wepfero
885 1062 1092 1127 z'nstitutnm
1107 1056 1146 1126 id
1176 1062 1311 1155 experi-

325 1185 487 1241 mentum
500 1173 743 1259 memoravit,
759 1178 841 1268 qui,
854 1198 918 1244 ore
936 1175 1056 1244 solum
1072 1176 1207 1270 inflata
1214 1176 1311 1269 jugu-
1367 1174 1368 1225 ἶ

263 1272 267 1283 ’
325 1284 399 1357 lari
411 1314 529 1378 uena,
547 1305 668 1360 vestm
681 1289 789 1360 molis
804 1292 932 1362 bovem
946 1291 1310 1388 aliquandoproster·

325 1408 437 1476 nebat
449 1421 561 1502 atque
580 1408 778 1476 enecabat:
790 1407 1016 1506 Rudolphus
1028 1423 1154 1479 autern
1166 1413 1239 1478 Jac.
1257 1412 1309 1479 ca-
1367 1404 1368 1407 ¹

324 1525 505 1595 merarius
519 1522 573 1620 (3)
590 1526 789 1595 excitatum
807 1523 942 1597 fatetur
959 1550 997 1597 se
1012 1525 1208 1597 abeodem
1219 1530 1309 1622 ch
1367 1608 1368 1611 Ἴ

291 1661 294 1665 ’
323 1639 402 1715 fero
420 1640 467 1711 ad
484 1638 669 1736 ejusmodi
692 1638 860 1714 iacienda
883 1644 1049 1742 pericula
1076 1643 1250 1741 exemplo
1267 1643 1310 1713 sic

322 1758 370 1829 ab
391 1758 456 1829 illo
470 1760 680 1830 occisorum
695 1761 882 1848 vervecis,
897 1776 933 1834 et
944 1744 1076 1832 vaccae.
1095 1764 1142 1831 At
1156 1762 1187 1831 si
1209 1763 1310 1856 Wep·

323 1873 423 1947 ferus
440 1877 520 1972 ejus
539 1864 785 1973 eaperimenti
809 1893 940 1947 auctor
957 1874 1046 1966 fuit,
1066 1877 1188 1948 multo
1215 1891 1307 1946 antea
1367 1964 1368 1967 Ἴ

321 1993 525 2064 instituerit
554 2017 667 2090 quam
696 1994 750 2062 illi
777 1993 1024 2095 scripserunt,
1054 2008 1230 2091 oportet:
1249 2014 1306 2062 nec
1366 1996 1368 2021 ⁴

233 2124 235 2127 ’
323 2112 479 2182 memini
495 2125 620 2181 tamen
638 2112 677 2179 in
689 2108 768 2180 ullo
788 2135 833 2180 ex
851 2110 950 2182 illius
971 2114 1118 2210 scriptis
1133 2110 1246 2207 hujus
1262 2108 1308 2181 rei

223 2206 224 2215 ἵ
324 2228 553 2298 mentionem
580 2229 780 2326 reperisse,
809 2243 999 2324 quaeante
1029 2250 1172 2301 annum
1206 2228 1305 2324 1667,
1367 2240 1368 2329 ᾗ

323 2344 507 2442 evulgavit
527 2373 534 2413 :
554 2370 631 2442 quo
647 2343 800 2442 quidem
816 2370 915 2415 anno
935 2345 1073 2418 Redius
1096 2346 1150 2443 (Δ)
1170 2348 1216 2418 ad
1240 2350 1305 2416 Ste·
1367 2330 1368 2419 i

322 2463 482 2533 nonium
495 2462 682 2552 scribens,
701 2478 991 2552 commemorat,
1008 2487 1046 2535 se
1057 2463 1305 2561 utrumqueip
1367 2462 1368 2473 ’

324 2602 452 2651 sorum
466 2580 600 2652 eodem
619 2581 878 2678 experimento
891 2581 1079 2670 institut0,
1090 2582 1187 2653 duos
1199 2602 1303 2663 canes,

324 2712 361 2768 et
377 2698 547 2795 leporem
568 2699 711 2787 statim,
729 2723 838 2769 ovem
855 2713 979 2769 autem
989 2700 1088 2768 intra
1104 2714 1242 2771 sextam
1253 2695 1304 2767 de·

322 2808 456 2886 cimam
466 2808 568 2886 horae
580 2832 748 2914 partem,
769 2816 977 2912 vulpesque
993 2815 1082 2886 item
1097 2814 1190 2887 duas
1202 2816 1305 2885 inter·
1367 2882 1368 2909 3

321 2930 449 3005 fecisse
471 2961 478 3002 :
499 2935 626 3029 itaque
645 2957 686 3004 se
699 2958 745 3003 ex
763 2957 808 3003 eo
829 2947 1000 3030 tempore
1019 2929 1205 3003 affirmare
1233 2954 1304 3001 con·

321 3052 501 3139 saevisse,
524 3073 672 3121 causam
692 3049 978 3121 intermissionis
999 3046 1130 3147 pulsus
1150 3050 1302 3147 plerum·
1367 3066 1368 3145 t

321 3190 395 3262 que
415 3168 548 3238 esseio
566 3167 729 3263 aliquam
748 3168 930 3262 majorem
949 3167 1044 3239 aeris
1065 3165 1224 3253 bullam,
1246 3185 1304 3262 per
1367 3154 1368 3213 ἶ

320 3307 387 3353 cor
398 3276 672 3374 transeuntem,
691 3283 955 3380 rejiciendam:
972 3282 1301 3381 quamsententiam

374 3626 963 3717 1Eph.N-C.dec.3,A.4‚obs'.73.
1017 3634 1020 3640 ’
1114 3668 1115 3673 ¹

372 3778 388 3815 a
422 3758 545 3815 Dissert.
559 3759 609 3814 eit.

358 3640 401 3734 o

359 3759 370 3836 (
391 3759 402 3836 )

358 3876 401 3954 (3)
422 3876 496 3950 Eph.
511 3876 562 3932 cit.
577 3876 641 3931 deo.
656 3894 687 3945 a,
701 3877 738 3932 A.
754 3873 788 3947 5,
803 3876 865 3934 obs⁴
880 3873 927 3932 53.

357 3993 370 4071 (
390 3992 402 4071 )

371 4001 388 4062 4
421 3992 536 4068 Opere,
554 4002 626 4048 tom.
644 3988 671 4046 5.
