2774 4666
211 426 279 481 trs.
307 435 332 479 1.
361 436 406 479 na
432 426 568 479 monum
593 418 749 497 cirins,
776 431 886 486 crrsr.
915 434 970 480 111.
1029 426 1093 506 ¹77

87 548 350 646 apoplecticus
368 545 929 649 decumberet,·respirationem
941 568 1020 616 non
1030 544 1097 616 dit-

86 664 252 752 ficilem,
271 665 402 762 pulsus
418 661 562 734 validos
579 661 765 733 habuisse.

136 783 308 853 Cadaver
328 781 478 852 theatro
495 778 624 851 datum
644 793 699 849 est
716 779 785 849 sub
803 778 919 850 finem
937 782 1099 875 januarii

89 901 181 970 anni
211 899 316 996 1731.
343 899 496 969 Viscera
519 897 721 994 diligenter
738 896 977 994 perluswata,
1004 898 1099 968 nihil

89 1019 128 1087 in
147 1032 306 1104 ventre3
325 1016 365 1085 in
394 1013 547 1085 thorace
573 1029 697 1084 autem
722 1039 804 1110 quae
821 1015 867 1083 ad
888 1039 947 1084 res
967 1033 1100 1112 proeter

91 1150 271 1209 naturam
289 1133 493 1219 attineant,
508 1144 572 1205 aut
586 1129 696 1202 alicui
712 1130 831 1201 videri
850 1133 997 1228 possint
1017 1136 1100 1204 atti-

92 1277 210 1339 nere,
230 1249 447 1320 habuerunt
474 1247 563 1318 haec.
586 1249 789 1344 Pulmones
808 1263 914 1319 erant
931 1250 1102 1347 undique

92 1370 237 1500 pleurae
256 1368 403 1437 annexi
418 1366 541 1436 Cor
506 1390 645 1462 pingue
662 1364 836 1487 adep,1n
849 1366 1006 1438 homme
1019 1368 1103 1439 alio

93 1488 185 1584 quin
199 1510 285 1555 nou
301 1482 435 1569 obem,
447 1498 489 1553 ut
505 1482 553 1557 ab
566 1454 754 1553 anteriore
767 1481 877 1555 facie
868 1501 1102 1587 inspectans,

93 1603 190 1674 nihil
205 1601 376 1689 vidercS‚
395 1603 468 1672 nisi
457 1598 761 1698 pinguedinem.
774 1606 887 1672 Venae
898 1584 1119 1676 coronariae?

92 1719 246 1793 vulvula
271 1719 376 1791 omni
398 1732 567 1814 exparte
597 1719 650 1789 sic
671 1715 799 1806 affixa,
821 1720 1078 1818 eademque
1052 1747 1105 1793 sic
1138 1790 1145 1805 Ἴ
1199 1782 1206 1793 ,

93 1835 334 1909 foraminulis
355 1851 527 1933 pertusa,
548 1850 591 1906 ut
618 1836 658 1904 in
686 1834 831 1907 decima
850 1840 983 1934 quinta
1006 1833 1104 1937 epis*-

93 1957 169 2029 tola
190 1955 405 2031 anatomica
419 1952 475 2051 (1)
493 1951 681 2051 descripta
699 1967 765 2024 est.
779 1954 1105 2030 Novissimearte«
1133 1982 1142 1990 ·

94 2076 149 2145 ria
166 2071 393 2144 vertebralis
412 2071 561 2175 sinistra
586 2095 631 2141 ex
653 2072 736 2168 ipso
762 2088 874 2152 aortae
893 2096 983 2145 arcu
1006 2050 1105 2146 inter

94 2193 269 2263 sinistras
301 2187 528 2275 carotidem,
569 2187 874 2288 subclaviamque
907 2167 1104 2288 profecta:

88 2335 214 2407 'quam
233 2320 323 2379 'cum
341 2305 454 2393 inde,
472 2331 550 2377 uon
564 2332 610 2376 ex
622 2305 831 2394 subclavia,
848 2320 890 2381 ut
900 2309 1012 2397 solet,
1025 2335 1108 2381 ena-
1197 2364 1198 2371 κ

94 2438 193 2514 tam,
212 2426 255 2497 in
273 2424 420 2497 theatro
441 2423 699 2511 ostenderem,
715 2425 871 2510 monui,
890 2424 981 2507 hinc
994 2428 1106 2497 etiam

95 2543 256 2615 tortasse
264 2541 377 2637 hujus
387 2540 554 2613 hominis
562 2539 796 2636 apoplexiam
806 2541 930 2638 aliqua
943 2564 987 2613 ex
1002 2559 1107 2640 parte

95 2657 346 2759 repetendam
364 2656 484 2728 videri
507 2680 628 2752 posse.
656 2656 810 2753 Aliquot
838 2672 925 2754 post
955 2657 1105 2748 diebus,

96 2795 136 2851 ut
164 2776 479 2850 exercitationum
507 2773 667 2871 requirit
700 2772 816 2861 ordo,
844 2797 931 2844 cum
965 2774 1106 2846 ibidem

97 2898 273 2968 cranium
286 2898 545 2980 resecaretur,
559 2891 704 2978 inveni,
726 2905 838 2988 atque
856 2892 1005 2965 ostendi
1027 2918 1106 2964 san·

89 3016 254 3113 guinem
284 3007 444 3081 effusum
478 3009 525 3079 ad
559 3007 734 3080 selibram
761 3009 862 3080 inter
890 3001 1106 3109 meningem

99 3155 285 3216 crassam,
304 3143 341 3199 et
358 3142 529 3216 tenuem,
549 3124 608 3196 vel
628 3127 752 3224 potius
771 3126 872 3197 inter
891 3153 1055 3207 crassam
1072 3148 1109 3204 et

96 3245 401 3320 membranulam
422 3245 624 3343 quamdam
643 3243 819 3332 alteram,
838 3240 1108 3320 arachnoidem

98 3383 218 3464 puta:
240 3389 323 3461 quae
342 3360 624 3449 membranula,
644 3359 697 3430 ibi
725 3359 819 3432 facta
847 3364 1109 3457 crassius‘cula,

102 3489 190 3555 cum
206 3479 325 3554 effuso
343 3480 546 3575 sanguine,
563 3478 743 3549 auteriori
754 3480 851 3585 pssis
865 3484 1047 3579 temporis
1065 3485 1113 3567 siff
1154 3483 1159 3492 ’
1177 3505 1178 3508 ’

98 3601 211 3673 nistri
230 3599 397 3696 regioni,
427 3598 536 3695 eique
556 3596 700 3666 viciuiae
720 3597 985 3693 respondebat.
1016 3604 1111 3671 Prte-

98 3732 206 3790 terea
231 3719 271 3786 in
295 3714 388 3786 falce
407 3712 687 3815 propemodum
715 3714 837 3785 media
856 3740 898 3787 os
919 3733 1012 3803 erat,
1032 3699 1111 3813 ejus

770 3920 786 3955 θ

139 3995 187 4072 (1)
206 3997 245 4053 lt.
263 4015 313 4053 ao.

181 4119 209 4163 Ι.
