2862 4668
267 442 337 490 m.
364 441 390 488 1.
418 441 465 487 DE
490 439 627 491 nouus
650 438 811 505 carlrts,
834 439 946 490 EPIST·
973 443 998 488 1.
1024 434 1025 439 ¹
1091 441 1133 516 71

129 560 204 641 ret,
223 548 433 652 pauxillum
447 576 552 648 aquae
572 551 725 623 acidulae
747 550 885 626 excidit
905 577 951 626 ex
970 576 1013 626 ea
1032 569 1139 651 parte

127 696 198 770 qua
220 692 422 771 processus
458 669 686 742 mamillares
707 669 754 742 ad
780 695 822 745 os
847 668 1058 743 ethmoidec
1082 695 1141 749 ac·

128 787 339 876 cedebant,
375 787 497 885 major
534 802 658 858 autem
688 810 805 886 aquae*
831 786 961 887 copia,
1001 810 1089 859 cum
1117 811 1143 860 a

128 904 310 1002 glandula
321 904 510 1002 pituitaria
520 905 751 976 avelleretur.
771 906 918 978 Deinde
939 904 1140 979 cerebrum

127 1019 382 1121 persecand0,
398 1046 484 1092 cum
502 1022 549 1095 ad
561 1023 790 1097 ventriculos
802 1024 971 1097 laterales
981 1037 1139 1095 ventum

128 1154 203 1226 cst,
225 1135 421 1211 folliculus
432 1140 472 1210 in
490 1138 550 1211 his
562 1142 759 1238 apparuit,
780 1165 916 1239 aquam
933 1140 1137 1239 plurimam

127 1257 349 1345 confinem,
366 1280 410 1327 ex
426 1255 646 1327 membrana
666 1256 803 1347 factus,
818 1284 901 1356 quae
915 1257 1039 1330 tenuis
1055 1280 1137 1328 me·

127 1372 255 1470 ningis
284 1368 485 1470 productio
513 1395 592 1444 esse
620 1373 841 1462 videbatur,
863 1374 937 1444 nisi
962 1371 1067 1470 quod
1094 1374 1135 1444 in

93 1478 97 1488 ’
124 1490 186 1561 ilia
205 1488 385 1561 extabant
404 1489 558 1559 minima
579 1489 749 1586 quaedam
767 1489 1013 1587 corpuscula,
1038 1513 1137 1586 quo-

126 1628 211 1678 rum
231 1605 438 1679 substantia
458 1606 504 1677 ad
526 1606 728 1678 modularis
751 1605 899 1678 cerebri
922 1605 1136 1679 similitudi·

127 1750 215 1796 nem
234 1725 449 1797 accedebat.
472 1724 643 1796 Folliculi
660 1724 806 1796 radices
823 1748 844 1795 e
864 1720 986 1794 fundo
1004 1725 1135 1795 existe-

128 1842 220 1915 bant
243 1840 446 1913 ventriculi
465 1838 629 1931 dexteri,
647 1839 745 1913 infra
769 1866 882 1940 quem
902 1840 1135 1938 ubicumque

129 1968 247 2034 erant
259 1958 313 2030 ibi
330 1958 478 2030 cerebri
496 1960 573 2030 sive
590 1959 828 2048 medullaris,
845 1959 922 2030 sive
948 1957 1134 2030 corticalis

130 2076 377 2174 circumjecta
393 2076 598 2149 substantia
611 2078 683 2149 late
697 2091 876 2174 corrupta
893 2075 1133 2148 cernebatur.

130 2197 308 2294 Denique
326 2208 448 2267 totum
468 2195 667 2267 cerebrum
693 2193 764 2267 fuit
787 2194 894 2265 valde
917 2191 1133 2282 flaccidum,

126 2339 254 2411 neque
276 2313 402 2383 miuus
419 2312 654 2411 prodeuntes
673 2310 720 2383 ab
740 2311 806 2391 illo
826 2311 943 2383 nervi.
963 2310 1029 2381 His
1053 2310 1132 2381 ins·

126 2430 268 2531 pectis,
288 2430 382 2502 ossis
410 2428 612 2503 ethmoidis
636 2453 679 2503 ea
702 2453 790 2528 pars
825 2452 909 2526 quae
935 2425 1133 2523 subjicitur

127 2546 374 2646 processibus
393 2545 735 2637 mamillaribus‚ab
750 2545 984 2643 jugiaquaee
1001 2540 1132 2615 cranio

125 2664 267 2738 effluxu
287 2688 395 2739 erosa
412 2663 506 2736 adeo
525 2666 678 2735 inventa
698 2679 777 2754 est,
798 2676 843 2735 ut
862 2659 983 2735 libera
1006 2657 1133 2728 iliaco

126 2783 258 2856 cranio
277 2782 318 2852 in
335 2774 445 2854 nares
457 2795 604 2881 pateret
618 2782 688 2852 via.

173 2928 209 2999 7.
241 2900 360 2995 Hujus
391 2924 471 2971 non
501 2898 552 2970 ita
581 2895 802 2971 dissimilem
828 2890 1133 2965 observationem
1196 2905 1198 2909 ’

124 3019 227 3117 leges
248 3016 288 3086 iu
295 3020 433 3087 Bonum
447 3012 696 3113 Sepulchreto
711 3011 854 3110 (1)‚vel
867 3010 995 3117 pptius
1006 3008 1046 3079 in
1059 3012 1132 3079 Pe·
1216 3004 1218 3008 ’

22 3224 23 3229 ¹
128 3141 179 3206 tri
205 3138 369 3206 Boanum
394 3132 644 3205 Historiarum
675 3126 934 3227 Medicophys.
969 3129 1076 3199 Ceut.
1101 3150 1130 3198 1.

127 3251 286 3324 Observ.
305 3274 385 3322 nou
403 3250 462 3348 37,
477 3250 542 3322 sed
564 3249 622 3338 38,
642 3247 767 3320 iubae
779 3244 1134 3344 ‚inquampotium

125 3393 216 3441 nam
239 3359 414 3467 quadam·
440 3370 492 3469 in⁴
511 3365 759 3465 exscribendo
788 3351 915 3436 omisit
943 3358 1134 3449 Bourrtr's,

128 3510 199 3560 nec
220 3488 391 3584 reposuit
402 3484 495 3557 alter
509 3484 657 3574 editor,
677 3474 810 3556 contra
825 3477 1133 3576 Purna1(2)prae·

166 3840 211 3921 (1)
232 3842 300 3901 Lib.
317 3860 353 3910 2,
369 3853 440 3899 sect.
461 3860 494 3914 1,
509 3842 574 3898 obs.
591 3842 639 3907 46.

169 3942 214 4020 (a)
234 3942 371 4001 Method.
384 3942 461 4000 nist.
473 3945 563 4029 Anat.
580 3942 679 4013 Med,
699 3959 725 3997 c.
741 3958 754 3997 r
771 3951 801 3998 et
811 3955 876 4013 seq.
