2780 4666
288 367 358 455 340
446 393 492 437 nr
518 388 662 438 sumans
687 390 732 437 ar
756 389 879 438 causrs
904 391 1112 440 uonaoamt

149 544 154 553 ι
202 516 219 593 J
286 505 379 591 lato,
398 503 609 598 gelatinosa
623 502 791 599 quaedam
817 507 1007 601 concretio
1028 506 1281 580 animadversa

288 634 362 708 est,
382 644 465 716 quae
481 645 567 692 vasa
581 619 809 725 sanguifera,
825 624 894 719 per
907 638 1061 694 tenuem
1069 624 1279 722 meningem

283 739 489 833 reptantia,
515 762 536 808 a
559 738 740 810 lateribus
762 738 1020 810 comitabatur.
1039 746 1090 811 Ea
1106 743 1279 838 meninge

284 853 331 924 ad
348 852 465 925 basim
484 854 629 925 cerebri
645 856 824 944 lacerata,
843 856 950 954 copia
960 881 1063 954 aquae
1076 859 1211 946 exivit,
1227 883 1280 927 co

217 959 220 968 ’
283 968 363 1042 lore
379 986 417 1042 et
434 972 597 1059 crassitie
617 973 815 1043 vaccinum
836 997 959 1045 serum
982 971 1189 1046 referentis.
1211 978 1279 1045 Cae-

280 1088 403 1159 terum
419 1103 541 1158 totum
559 1088 760 1160 cerebrum
773 1104 852 1161 erat
867 1113 1009 1160 sanum.

329 1204 362 1275 3,
381 1206 604 1302 Malignam,
632 1220 675 1276 ut
695 1221 851 1295 vocant,
880 1205 979 1277 hanc
1004 1204 1174 1295 febrem,
1192 1207 1278 1279 deli·

279 1322 378 1390 rium
396 1336 520 1391 autem
537 1321 641 1416 quod
651 1321 698 1391 ad
709 1324 828 1418 ipsam
837 1324 1008 1409 accessit,
1022 1321 1283 1394 Phrenitidem

169 1512 173 1517 ,
278 1435 410 1526 fuisse,
434 1434 671 1508 manifestum
698 1453 762 1509 est.
791 1439 862 1508 Sed
886 1440 1016 1509 curin
1035 1439 1274 1536 meningibus

278 1554 382 1626 nulla
391 1552 634 1624 inflammatio
649 1553 777 1654 hulla
785 1577 959 1625 vasorum
968 1555 1147 1656 distentio
1160 1556 1276 1627 iNum

276 1671 376 1755 hane
391 1670 539 1759 credes,
553 1694 640 1740 cum
656 1668 841 1767 phrenitis
857 1670 897 1740 in
912 1672 1115 1741 amentiam
1137 1688 1275 1744 mutata

181 1810 186 1819 ·
277 1804 351 1877 est,
373 1787 530 1860 solutam
557 1784 694 1875 fuisse3
716 1801 823 1859 antea
847 1802 972 1858 autem
992 1813 1071 1863 non
1093 1787 1272 1878 defuisse,

276 1928 398 2001 eoque
417 1918 587 1999 tempore
606 1902 656 1973 ob
674 1903 818 1973 lentum
834 1905 874 1975 in
891 1903 1062 1977 distentis
1077 1907 1176 1978 vasis
1198 1931 1273 1977 san·

276 2022 400 2119 guinis
414 2034 578 2107 motum,
595 2044 676 2123 eam
693 2045 798 2117 aquae
812 2022 960 2118 copiam
973 2036 1156 2093 secretam
1174 2024 1273 2094 esse?

274 2140 476 2239 AtU-neque
499 2137 539 2206 in
567 2135 714 2209 duabus
744 2120 924 2233 proximis
950 2133 1273 2210 observationibus

274 2252 483 2355 quidquam
498 2253 599 2350 leges
617 2253 664 2326 de
683 2277 859 2326 vasorum
878 2257 917 2323 in
939 2254 1183 2353 meningibus
1201 2257 1272 2328 dis-

200 2351 202 2356 .
274 2373 455 2441 tentione.

322 2493 354 2575 4.
371 2488 439 2557 Vir
459 2512 646 2561 annorum
666 2488 813 2559 circiter
835 2489 987 2586 triginta
999 2490 1188 2586 quinque,
1207 2490 1271 2560 do-

275 2607 356 2677 lore
368 2602 584 2703 corripitur
604 2607 644 2675 in
661 2604 841 2697 thorace,
869 2631 956 2676 cum
984 2603 1101 2721 febre.
1133 2607 1270 2678 Dolore

273 2722 455 2809 abeunte,
472 2722 615 2794 accedit
630 2723 677 2795 ad
698 2720 840 2794 febrem
856 2722 1030 2798 delirium
1047 2749 1054 2790 :
1077 2723 1205 2819 quod,
1221 2722 1270 2794 fe-

272 2839 341 2912 bre
358 2840 476 2938 magis
493 2827 642 2938 semper
657 2854 901 2937 augescente,
918 2837 965 2909 ad
976 2854 1137 2910 mortem
1153 2864 1269 2937 usque

233 3042 238 3047 ἱ
270 2956 471 3054 perdurat,
488 2983 568 3054 quae
585 2958 683 3028 circa
695 2957 796 3029 diem
812 2956 1058 3028 undecimum
1076 2957 1222 3028 accidit.

271 3102 274 3108 ·
320 3073 486 3157 Thorace
504 3076 651 3146 recluso
662 3118 675 3163 ,1
693 3075 919 3174 pulmonum
946 3075 1154 3170 posteriora
1180 3074 1269 3145 dura

192 3277 198 3289 ,
272 3191 528 3288 aliquantum,
553 3207 590 3262 et
612 3192 728 3282 rubra
755 3193 1010 3264 inveniuntur.
1038 3195 1083 3261 In
1107 3205 1267 3288 utroque

257 3307 395 3379 *cordis
411 3310 621 3380 ventriculo
638 3311 822 3415 polyposa
832 3310 1046 3396 concretio,
1063 3309 1103 3377 in
1120 3309 1267 3379 sinistro

262 3441 395 3497 autem
420 3427 700 3522 propemodum
726 3429 865 3522 major,
897 3427 1058 3497 mirante
1080 3424 1265 3510 Valsalva,

268 3558 313 3614 ut
329 3544 395 3639 qui
412 3542 460 3613 ad
475 3542 514 3612 id
530 3559 679 3643 ternpus
693 3546 1040 3640 majoremsemper
1053 3543 1093 3611 in
1114 3541 1264 3612 dextero

267 3660 597 3733 animadvertisset.
614 3666 715 3733 Dum
732 3688 752 3733 e
769 3663 897 3733 cranio
916 3659 1117 3733 cerebrum
1132 3643 1262 3730 exime·

179 3810 184 3831 r
266 3778 399 3866 batur,
418 3777 615 3875 paululum
636 3782 708 3850 seri
734 3803 779 3849 ex
802 3776 1043 3876 meningibus
1067 3774 1257 3846 emanavit.

267 3899 312 3967 Iu
322 3896 423 3968 durae
434 3897 562 3987 matris
577 3897 733 3994 singulis
742 3895 949 3995 majoribus
958 3893 1102 3969 sinibus
1115 3889 1258 3991 singula
