2798 4668
308 417 378 512 548
472 445 519 493 nr
544 443 690 495 samius
715 442 760 491 er
784 444 908 507 causis
933 445 1142 495 nonnosum

304 559 524 663 paralysim,
548 555 771 645 ossiculum,
799 557 859 629 vel
887 574 1098 631 concretum
1128 580 1305 658 gypseum
1387 576 1389 629 1

305 676 547 748 durissimum
572 675 612 746 in
635 676 815 777 opposito
835 699 1042 751 nervorum
1063 676 1233 747 thalamo
1249 676 1307 747 de·

304 791 520 899 prehendit.

355 911 388 983 8.
416 908 595 983 Eamdem
605 923 731 981 autem
741 909 844 980 illam
859 933 974 1007 quam
987 908 1062 981 hoc
1075 910 1114 979 in
1132 933 1244 999 sene,
1256 909 1308 980 ul·

304 1030 398 1101 timo
417 1027 522 1107 loco,
536 1025 717 1125 descripsi
737 1024 884 1098 cerebri
902 1024 1092 1105 laesionem
1110 1042 1153 1099 ut
1172 1027 1309 1098 diotm-

305 1169 361 1217 nae
371 1143 616 1242 hemiplexia,
632 1144 684 1215 sic
695 1143 859 1241 antiquae
877 1144 987 1215 etiam
1004 1143 1214 1242 apoplexiae
1231 1166 1308 1215 cau·

304 1286 383 1335 sam
402 1259 536 1349 fuisse,
553 1285 633 1332 non
656 1258 809 1348 dubito,
833 1284 966 1333 eorum
990 1283 1139 1331 memor
1151 1285 1241 1358 quae
1258 1284 1309 1330 se·

304 1376 473 1457 cundum
497 1380 686 1450 Brunneri
713 1376 1037 1466 observationem,
1066 1390 1103 1448 et
1125 1376 1309 1473 judicium

303 1495 352 1581 ad
370 1511 407 1568 te
424 1496 514 1568 alias
526 1495 580 1594 (ι)
593 1496 734 1594 scripsi.
753 1496 940 1566 Nimirum
956 1518 1071 1592 quem
1083 1494 1260 1566 Valsalva
1270 1494 1311 1564 si·

304 1637 399 1685 num
424 1613 646 1713 appellavit,
667 1612 776 1708 cujus
796 1613 957 1710 parietes
977 1626 1156 1710 corrupta
1179 1609 1311 1683 faceret

306 1730 513 1805 substantia
537 1728 705 1818 cerebri,
727 1728 960 1805 mediocrem
981 1727 1073 1799 olim
1096 1751 1316 1831 cavernam,

303 1862 461 1947 repente
483 1847 706 1947 productam
729 1842 843 1917 fuisse
860 1869 996 1917 censeo
1013 1868 1056 1915 ea
1070 1847 1222 1916 ratione
1245 1868 1312 1941 qua

306 1964 378 2038 alia
390 1963 438 2036 ad
456 1980 493 2036 te
506 1962 665 2062 epistola
678 1961 734 2059 (a)
753 1962 957 2050 declaravi,
972 1984 1054 2059 quae
1064 1976 1150 2037 ,arte
1166 1960 1312 2047 deinde,

306 2097 345 2155 et
360 2081 567 2179 praesertim
584 2095 720 2152 natura
735 2078 954 2175 adjuvante,
970 2102 1009 2150 se
1027 2079 1262 2149 contraxerit
1278 2079 1311 2146 in

308 2200 412 2275 sinus
438 2196 606 2268 modum.
632 2198 690 2269 Sic
714 2196 849 2268 eodem
864 2209 1050 2294 spectasse
1068 2196 1262 2268 minorem
1277 2195 1314 2264 il·

307 2315 383 2388 lam
393 2337 592 2386 cavernam
602 2313 766 2403 credidi,
777 2313 1008 2406 semisiccato
1022 2336 1135 2389 muco
1153 2313 1314 2410 plenam,

308 2456 424 2531 quam
443 2457 530 2504 cum
550 2430 663 2530 longe
684 2431 883 2529 ampliore,
903 2431 1084 2529 sanguine
1101 2421 1262 2518 referta,
1279 2430 1312 2498 in

307 2548 542 2649 apoplectica
564 2547 723 2620 muliere
751 2547 931 2646 descripsi
956 2545 1022 2644 (3).
1047 2549 1125 2618 Nec
1148 2546 1311 2649 fultum

309 2660 465 2738 fortasse
478 2690 500 2735 a
515 2679 620 2737 recto
637 2662 872 2749 aberrarem,
888 2663 920 2735 si
934 2660 1105 2759 ejusdem
1120 2687 1221 2760 pene
1233 2659 1314 2732 fiiis·

311 2805 350 2855 se
375 2782 523 2881 generis
545 2780 627 2853 illas
650 2806 804 2879 quoque
823 2780 916 2853 duas
938 2804 1115 2853 cavernas
1133 2778 1314 2865 dicerem,

312 2923 407 2997 quas
422 2899 470 2970 de
485 2899 665 2997 epilepsia
679 2896 848 2971 scribens
859 2896 913 2996 (4)
927 2899 967 2969 in
980 2899 1081 2985 viro,
1094 2898 1263 2995 itemque
1278 2897 1312 2964 in

311 3017 468 3089 muliere
484 3017 709 3109 memoravi,
723 3017 910 3089 minorem
929 3017 968 3086 in
988 3014 1076 3104 hac,
1093 3028 1130 3087 et
1143 3038 1228 3087 sero
1244 3013 1314 3111 ple·

310 3156 417 3222 uam,
436 3131 548 3231 quod.
560 3158 605 3231 ex
617 3147 724 3230 parte
735 3131 959 3231 nigricabat,
974 3146 1011 3202 et
1021 3128 1086 3205 fila
1095 3131 1205 3228 quasi
1218 3154 1310 3227 qua·

312 3250 400 3327 dam
416 3248 595 3340 habebat,
609 3251 792 3346 majorem
804 3250 844 3320 in
859 3249 943 3349 illp,
956 3264 994 3320 et
1011 3272 1099 3319 cum
1116 3271 1222 3332 sero,
1237 3271 1309 3318 san·

313 3370 437 3467 guinis
453 3348 669 3467 portionem
686 3369 785 3441 intra
803 3367 1004 3466 inaequales
1019 3367 1181 3462 parietes
1198 3364 1310 3435 conti·

354 3668 398 3749 (ι)
421 3669 602 3745 Epist.a,n.
617 3668 663 3727 16.

355 3770 399 3849 (a)
419 3771 512 3844 apae
529 3770 565 3827 3.
582 3789 614 3826 a.
629 3768 662 3841 3,
677 3769 752 3844 ⁸³9·

356 3869 401 3948 (3)
421 3869 581 3927 Ibid.n.6.

356 3969 400 4053 (l.)
423 3968 518 4049 Epist.
535 3987 571 4046 9,
583 3987 615 4025 n.
635 3986 687 4040 ao,
700 3966 748 4025 ai.
