2774 4670
207 446 274 490 ctu.
305 445 328 489 1.
358 444 403 490 uu
430 404 565 488 nonus
590 438 745 505 currus,
772 443 883 490 nrtsr.
911 440 944 488 x.
1011 418 1080 491 515

65 582 174 645 race,
192 555 446 656 pericardium
457 555 613 653 pienum
624 572 828 654 oratuque,
841 556 1081 655 eaque‘iiava:

68 676 202 748 cordis
226 684 353 746 autem
382 674 617 746 ventriculus·
644 673 776 745 dexter
801 654 1106 747 concretionem¹

67 793 240 864 habebat
248 791 538 890 poiyposam‚in
549 791 809 889 pulmonarem
819 794 992 863 arteriam
1000 819 1085 891 per-

66 913 280 997 tinentem,
298 910 465 980 concreti
485 910 586 979 tnuci
599 911 727 981 instar.
748 911 904 1007 Sanguis
918 911 1087 1007 reliquus

69 1042 157 1099 erat
172 1016 332 1097 omnino
350 1025 512 1097 fluidus:
535 1042 658 1097 tamen
672 1027 748 1098 aeti
766 1026 977 1124 expositus,
1002 1040 1088 1129 post

69 1144 233 1242 aliquod
248 1161 398 1241 tempus
414 1143 692 1216 concrescebat.
710 1144 819 1215 *Intra
830 1146 1007 1213 'cranium
1025 1144 1087 1215 de·
1104 1180 1116 1190 -

69 1264 193 1359 nique
211 1263 337 1332 omnia
357 1274 558 1359 conspecta
575 1276 663 1333 sunt
681 1260 896 1333 secundum
910 1276 1088 1343 naturam

70 1376 323 1467 schamem,
343 1378 414 1449 nisi
438 1378 544 1474 quod
563 1380 663 1449 inter
676 1402 838 1449 crassam
857 1383 1089 1474 tenuemque

70 1496 294 1592 meningem
310 1519 458 1567 scrosus
473 1497 647 1565 intentus
664 1506 724 1566 esi
731 1495 890 1581 humor,
909 1495 975 1591 qui
990 1496 1089 1565 circa
1189 1492 1192 1497 ’

71 1610 287 1710 sanguiiera
302 1637 389 1684 vasa
404 1612 581 1707 gelatione
594 1612 634 1682 io
650 1611 809 1682 modum
833 1627 1087 1683 concreverat.

129 1731 162 1800 8.
192 1733 249 1800 An
262 1729 476 1814 convulsio,
489 1727 699 1799 dormiente
711 1728 836 1826 puella
847 1784 857 1817 ‚
867 1728 956 1799 ideo
970 1732 1091 1826 quies-

74 1846 208 1934 cebat,
228 1846 332 1945 quod
347 1844 427 1917 haec
441 1845 650 1916 dormiret?
670 1848 726 1916 An
746 1847 873 1943 potius
895 1845 982 1916 ideo
1009 1846 1087 1916 haec

75 1946 292 2035 dormiebat
304 1963 483 2061 quodiiia
496 1965 717 2060 quiesceret,
735 1963 988 2034 dormientem
997 1964 1091 2034 aiio-

78 2082 178 2178 quin
188 2082 419 2152 excitatura?
436 2085 516 2152 Hoc
531 2094 632 2153 certe
649 2094 690 2152 et
700 2083 780 2152 reri
794 2082 951 2154 similius
968 2094 1024 2154 est
1035 2136 1044 2169 ‚
1056 2094 1093 2154 et
1116 2088 1120 2095 '

76 2201 123 2268 in
152 2200 372 2269 memoriam
394 2199 530 2296 redigit
551 2224 664 2296 quem
685 2176 833 2291 mecum
853 2201 961 2272 annis
981 2224 1093 2297 supe-

80 2315 249 2388 rioribus
269 2336 481 2388 sermonem
502 2315 635 2388 habuit
651 2317 819 2389 medicus
836 2317 1093 2406 doctissimus,

80 2432 261 2529 idemque
280 2433 571 2507 humanissimus
585 2435 802 2505 franciscus
831 2437 985 2530 Seruus,
1006 2452 1093 2507 curn

82 2549 359 2640 decancantes,
373 2568 419 2623 ut
432 2551 494 2621 hic
509 2552 693 2639 vocitant,
707 2551 971 2622 medicamenti
979 2552 1040 2622 vei
1053 2552 1093 2620 in

83 2668 397 2740 convulsionibus
427 2668 619 2739 interdurn
648 2667 806 2740 utilitate
838 2669 1091 2765 loqueremur.

82 2784 270 2866 Narrabat
294 2787 345 2875 is,
373 2788 658 2883 quinquennem
677 2798 841 2887 puerum
860 2784 974 2857 fuisse
998 2790 1094 2857 Nea-

87 2902 351 3002 poii‚quiante
371 2919 566 2975 unumnut
576 2903 736 2975 aiterum
744 2924 886 2974 annum
897 2904 937 2972 in
953 2905 1094 3001 epilep-
1143 2950 1147 2956 -

84 3022 179 3092 ticas
203 3021 467 3093 convulsiones
489 3021 687 3110 inciderat,
711 3023 821 3094 toties
839 3037 1096 3108 recurrentes,
1157 3106 1168 3123 .

89 3139 243 3236 quoties
251 3154 348 3236 puer
363 3139 528 3216 dormire
543 3138 766 3238 incipiebat²
786 3136 888 3210 unde
898 3138 1016 3210 hebes
1026 3137 1098 3211 iao*

87 3270 170 3345 tus,
187 3271 224 3328 et
233 3254 408 3328 cruribus
421 3254 596 3328 resolutis
608 3312 617 3345 ,
628 3257 737 3349 uthis
750 3259 921 3329 insistere
937 3258 1098 3355 amplius

88 3394 170 3442 non
188 3389 334 3471 posset,
351 3394 439 3445 cum
456 3371 592 3446 frustra
608 3375 817 3446 innumeris
829 3396 918 3445 usus
932 3390 1028 3446 esset
1045 3394 1100 3445 re-

89 3488 246 3579 mediis,
262 3489 415 3563 iilouno
430 3504 485 3562 est
500 3507 740 3589 personatus,
755 3493 934 3590 imposito
947 3546 956 3581 ,
970 3495 1102 3590 utipse

90 3609 355 3705 imperaverat,
381 3611 479 3681 circa
498 3611 682 3707 posterius
700 3620 909 3682 extremum
925 3612 1101 3708 sagittaiis

92 3740 241 3796 sutoro.
258 3728 342 3797 Cito
356 3730 459 3817 enim
470 3727 652 3817 insultus,
668 3744 777 3799 antea
789 3727 1101 3809 innumerabiles,

92 3846 291 3942 pauciores
311 3844 392 3919 fieri
414 3848 590 3944 coepisse,
613 3849 710 3921 intra
740 3847 957 3945 quindecim
967 3860 1100 3917 autem
1199 3868 1202 3876 ·

93 3961 174 4033 dies
198 3987 355 4060 prorsus
376 3963 545 4054 desiisse,
569 3966 753 4037 redeunte
774 3963 885 4036 simui
904 3964 1099 4036 insistendi

891 4081 953 4153 33*
