2774 4670
318 456 389 543 488
484 480 530 527 nn
557 480 702 530 seorsus
727 482 772 530 ur
796 482 920 534 causis
945 484 1150 537 nonnonnu

316 593 389 665 hus
404 593 547 666 dictum
564 611 677 694 puta,
698 600 850 695 quasin
869 601 1026 673 cerebro
1043 627 1120 674 non
1145 601 1285 701 epilepti-

317 736 449 783 corum
469 711 648 787 duntaxat
674 731 893 814 conspectas
916 742 995 791 esse
1013 745 1035 791 a
1054 721 1180 808 nobis,
1201 744 1284 816 snpe-
1350 766 1351 805 ,

315 832 435 904 riores
453 858 539 905 cum
561 833 621 906 his
635 835 776 907 collata
793 837 999 911 ostendunt
1014 838 1184 938 epistola.
1198 836 1285 927 Quid·

316 948 407 1045 quid
424 951 525 1023 enim
544 952 583 1022 in
601 976 846 1051 quocumque
863 955 1042 1028 cadavere
1056 971 1188 1055 praeter
1205 969 1286 1025 natu·

315 1090 395 1136 ram
408 1065 744 1166 deprehendimus,
761 1097 840 1143 non
852 1075 1069 1164 reticemus,
1085 1089 1180 1146 etan
1189 1070 1286 1143 morbi

314 1187 508 1283 praegressi
518 1210 629 1258 causa
641 1202 704 1259 aut
712 1213 782 1286 per
795 1213 853 1277 se,
870 1205 935 1263 aut
949 1215 1035 1263 cum
1046 1192 1126 1264 aliis
1135 1191 1287 1286 conjunc·

312 1315 415 1389 tum,
440 1304 607 1400 potuerit
633 1327 733 1391 csse,
764 1309 1045 1403 perquirimus,
1074 1309 1287 1404 conjicientes

313 1417 466 1514 quidem
479 1421 627 1516 saepius,
648 1445 734 1492 raro
750 1435 963 1496 statuentes.
976 1428 1107 1522 Neque
1116 1424 1213 1496 enim
1221 1447 1288 1520 pra

313 1536 415 1624 terit,
434 1534 516 1606 fieri
543 1560 671 1634 posse,
695 1560 782 1607 vera
801 1553 844 1609 ut
870 1563 980 1611 causa
1012 1557 1162 1613 nostros
1186 1563 1288 1612 sensus

252 1660 256 1669 ’
313 1653 471 1724 omnino
485 1650 604 1752 fugiat
620 1656 761 1725 cumin
777 1655 858 1728 aliis
869 1657 1011 1730 morbis
1024 1657 1213 1756 pluribus,
1227 1672 1287 1728 tun

312 1772 352 1840 in
373 1769 432 1843 his
447 1774 653 1869 praesertim
672 1773 740 1870 qui
753 1772 801 1844 ad
817 1774 1017 1847 cerebrum
1036 1777 1194 1847 attinent
1215 1776 1288 1843 :ita-

313 1913 388 1985 que
407 1887 503 1959 nihil
515 1912 675 1988 usquam
686 1890 766 1961 vitii
780 1915 800 1960 a
813 1892 1142 1990 perspicacissimis
1154 1891 1234 1963 viris
1244 1888 1289 1960 ali·

314 2003 469 2101 quando
483 2022 570 2104 post
578 2008 818 2105 epilepsiam,
834 2004 1288 2123 velidiopathicam,li1isse

313 2136 523 2219 repertum,
550 2139 593 2194 ut
616 2123 896 2199 observationes
921 2123 1059 2198 docent
1079 2124 1288 2225 quaedamin

314 2238 601 2336 Sepulchretum
620 2241 674 2340 (1)
690 2242 832 2332 relatae,
854 2268 1070 2340 quanquam
1085 2240 1247 2316 dubitare
1259 2239 1290 2308 li·

314 2371 393 2444 cet,
407 2380 455 2426 an
467 2382 599 2431 omnes
607 2358 741 2430 habitae
751 2358 889 2432 fuerint
902 2377 988 2459 post
999 2362 1212 2461 epilepsiam
1221 2357 1290 2428 idio

314 2475 518 2572 pathicam,
537 2492 574 2548 et
594 2477 804 2575 prudenter
821 2475 908 2550 fecit
930 2479 1207 2565 SaltzmannuS,
1223 2495 1288 2545 cnm

224 2606 227 2613 '
310 2593 351 2662 in
365 2616 498 2665 earum
514 2596 635 2692 prima
645 2594 815 2692 conjicit,
833 2595 1009 2668 feminam
1024 2621 1108 2694 quae
1120 2592 1289 2693 epileptica

314 2709 526 2801 dicebatur,
545 2729 582 2783 et
591 2714 713 2784 vitiosi
723 2712 817 2784 nihil
828 2715 866 2783 in
885 2713 1043 2785 cerebro
1057 2712 1292 2797 ostenditur

312 2829 491 2926 epilepsia
504 2854 581 2901 non
598 2830 804 2917 laborasse,
820 2846 889 2901 aut
895 2831 1113 2929 epilepsiam
1111 2832 1228 2923 finisse
1234 2845 1290 2924 per

315 2969 542 3017 consensum.
569 2952 613 3017 Et
641 2971 729 3018 sane
753 2948 915 3020 Thomas
929 3020 932 3026 Δ
947 2972 1103 3046 quoque
1135 2940 1292 3018 Bartholi·
1352 3028 1353 3041 ἵ

313 3086 386 3159 uns
400 3064 474 3162 (a),
507 3067 685 3164 epilepsia
698 3091 776 3163 per
797 3070 1016 3158 insertorum
1032 3071 1204 3164 partium
1224 3083 1288 3132 con·
1352 3112 1353 3149 ,

313 3207 458 3254 sensum
474 3207 583 3268 raro,
602 3183 746 3280 inquit,
764 3209 870 3255 surm
886 3184 1035 3255 cerebro
1051 3183 1288 3279 relinquitur·

313 3305 451 3396 tigium
472 3300 544 3373 Sed
563 3325 633 3371 nos
651 3299 699 3371 ad
715 3301 802 3371 vitia
813 3300 976 3372 cerebri
968 3324 1084 3398 1ps1us
1097 3293 1287 3451 peculiaria,

313 3431 349 3488 et
367 3416 562 3489 manifesta
581 3418 783 3490 veniamus.

366 3535 418 3606 16.
447 3535 585 3606 Mulier
598 3559 718 3606 annos
735 3548 821 3605 nata
834 3533 881 3604 ad
894 3534 1100 3631 sexaginta,
1111 3533 1187 3627 jam
1196 3525 1286 3598 ferme

313 3680 334 3725 a
349 3653 505 3724 biennio
523 3653 707 3750 epilepsiae
724 3650 908 3740 obnoxia,
920 3665 1005 3723 ante
1020 3671 1186 3722 mensem
1205 3639 1302 3714 dent

317 3813 1284 3855 md

353 3936 398 4014 (ι)
419 3938 496 3993 Sect.
513 3938 568 3992 hac
584 3957 637 4007 12,
649 3938 714 3993 obs.
729 3937 782 4005 36,
797 3936 850 4007 38,
867 3933 1057 4011 §praesertim
1071 3951 1098 3988 a.

355 4034 398 4112 (a)
420 4039 504 4093 Ceut.
521 4055 552 4108 a,
564 4037 641 4094 Hist.
654 4040 742 4094 Anat.
756 4054 804 4110 92.
