2774 4670
218 407 284 457 cm.
312 413 336 456 1.
364 406 889 476 na-uoaarscar1r1s,ur1sr.
918 413 966 461 rx.
1019 391 1089 478 465
1117 426 1121 433 ·

87 539 233 596 restres
250 522 425 594 lumbrici
440 525 598 606 incocti,
618 523 880 622 adjectumque
898 543 993 599 esset
1008 553 1092 600 suc-

92 638 175 710 cini
194 641 330 712 oleum.
349 640 405 711 Ad
421 663 463 711 ea
479 655 602 712 autem
623 664 705 736 quae
724 666 820 738 aeger
845 645 1016 716 sumebat
1039 670 1094 716 re·

91 757 239 844 media,
255 760 384 855 opium
401 757 543 828 utiliter
559 756 726 828 additum
745 773 810 828 est.
836 763 949 830 Erant
973 760 1035 831 illa
1050 786 1095 831 ex

92 875 143 946 iis
163 900 244 971 quae
264 876 416 972 propria
429 872 605 971 adversus
622 894 824 945 nervorum
839 875 994 948 morbos
1011 901 1096 948 cen-

98 1006 252 1079 sentur,
281 994 321 1063 in
348 992 483 1090 vulgus
509 992 638 1062 notis:
665 1017 790 1088 neque
818 993 919 1063 enim
954 997 1097 1067 arcanis

97 1108 265 1180 multum
290 1108 479 1180 tribuebat
502 1108 719 1179 Albertinus
738 1134 745 1177 :
765 1126 929 1205 qnorum
953 1112 1098 1182 utinam

98 1229 299 1327 pauciora,
313 1227 378 1298 sed
395 1226 573 1312 certiora,
592 1223 936 1298 circumferrentur.
954 1232 997 1297 In
1013 1231 1098 1324 qui-

98 1343 177 1416 hus
194 1342 252 1415 vel
280 1366 403 1440 nuper
426 1342 553 1414 extolli
575 1341 699 1411 audivi
723 1343 892 1439 lapillum
912 1344 975 1440 qui
992 1344 1031 1412 in
1053 1368 1098 1413 eo

99 1462 311 1532 innascitur
324 1460 570 1548 animalcu10,
585 1463 645 1530 cui
655 1484 794 1533 nomen
810 1476 864 1532 est
876 1460 977 1557 apud
987 1460 1100 1532 Italos

101 1579 300 1650 lumacone
316 1577 454 1674 ignudo
464 1632 475 1664 ,
486 1578 537 1648 sic
554 1578 778 1673 quidem,ut
791 1596 870 1648 non
881 1601 1015 1648 omnes
1026 1580 1101 1675 epi·

101 1678 262 1795 lepticos
281 1695 415 1766 liberet
433 1722 440 1763 :
461 1695 552 1791 quin
565 1719 629 1766 eos
644 1696 804 1767 insultus
822 1697 921 1792 quia
937 1705 1102 1784 terrore,

101 1813 211 1886 velut
226 1815 253 1883 ii
270 1813 315 1883 de
337 1812 476 1909 quibus
493 1836 596 1883 nunc
613 1798 824 1899 sermoe‘st,
843 1813 1027 1910 originem
1040 1811 1104 1882 ha-

101 1931 295 2015 buerant,
317 1930 438 2001 multo
463 1933 623 2000 rariores
650 1927 765 2000 factos
795 1931 923 2026 accepi
951 1955 995 2000 ex
1023 1952 1102 2025 quo

105 2048 226 2121 calida
245 2048 390 2120 sorberi
406 2062 525 2144 coepta
538 2061 593 2117 est
617 2045 785 2117 verbasci
803 2032 979 2133 floribus,
995 2046 1102 2116 Gallo
1201 2132 1209 2149 ‚

103 2166 263 2237 homine
279 2179 533 2252 monstrante,
550 2162 644 2235 theae
654 2144 789 2250 instar,
805 2163 1007 2251 medicata;
1024 2187 1105 2259 per-

105 2308 204 2382 saepe
227 2299 352 2354 tamen
373 2308 454 2380 quae
481 2280 749 2377 sympathicam
776 2281 938 2384 aliquam
962 2280 1105 2378 epilep-

105 2403 198 2475 siam
216 2402 466 2485 sustulerunt,
491 2398 537 2468 ad
558 2397 821 2494 idiopathicam
850 2421 1004 2492 quoque
1033 2398 1104 2466 tol·

105 2518 259 2590 lendam
270 2542 347 2588 non
356 2512 1105 2609 minusfrustra,quamtemereetinscite

103 2635 377 2735 praedicantur,
405 2632 570 2727 hincque
591 2627 773 2698 inutiliter
797 2652 1021 2699 arcanorum
1045 2654 1107 2733 ex·

104 2753 241 2823 crescit
257 2772 447 2821 numerus.
468 2746 539 2817 Sed
556 2744 960 2816 Albertiniremetliain
971 2740 1109 2841 propo-

107 2871 183 2944 sito
200 2893 307 2957 casu,
329 2868 395 2943 illo
416 2864 520 2963 quod
540 2863 673 2934 lotium
697 2863 809 2932 nimis
833 2860 970 2950 ciebat,
990 2863 1108 2932 inter-

106 2988 245 3074 misse,
262 2985 308 3057 ad
324 2985 534 3055 humanum
555 2983 724 3051 cranium
745 3005 824 3050 non
842 2994 1031 3050 vetustum
1043 3005 1109 3057 ‚re-

107 3103 264 3190 dibant,
282 3102 389 3198 cujus
406 3099 486 3171 radi
504 3097 728 3196 particulas,
753 3097 793 3165 in
817 3096 998 3167 mortario
1020 3095 1109 3183 teri,

106 3245 208 3319 aqua
232 3243 445 3291 cerasorum
470 3217 665 3312 nigrorum
691 3212 916 3297 humectari,
945 3212 1111 3308 denique

108 3337 242 3411 siccari
258 3330 297 3405 in
312 3335 449 3406 umbra
466 3331 641 3428 jubebat,
659 3329 773 3424 idque
794 3328 905 3399 toties
928 3326 1049 3397 donec
1060 3330 1110 3397 ‘iu

108 3454 295 3554 pollinem
313 3452 481 3537 abirent,
499 3447 709 3546 magisteria
730 3446 830 3514 enim
851 3468 933 3540 quae
954 3435 1121 3531 vocant,-

108 3573 249 3644 merito
265 3567 526 3667 improbabat:
544 3591 589 3636 ex
606 3588 651 3633 eo
669 3558 793 3633 autem
811 3559 954 3658 polline
968 3560 1111 3668 tabellae

109 3686 427 3772 conficiebantur,
437 3685 526 3782 opio
533 3706 575 3753 ea
588 3704 678 3751 cura
687 3679 834 3765 additu,
845 3701 887 3748 ac
900 3677 1113 3764 distributo,

108 3820 155 3876 ut
174 3806 234 3873 vix
253 3803 413 3900 amplius
429 3824 545 3899 grano
564 3821 643 3869 uno
662 3797 799 3869 inesset
823 3793 1008 3865 universis
1030 3817 1113 3887 quae

108 3947 180 4021 per
198 3920 392 3993 intervalla
409 3942 529 3990 unum
548 3918 646 3988 intra
664 3914 765 3987 diem
779 3910 968 4010 capiendae
978 3907 1127 3981 forent·

183 4065 213 4110 1.
416 4034 428 4051 “
896 4024 943 4096 30
