2780 4666
208 468 276 516 ιιι.
304 470 328 516 ι.
356 470 402 516 nn
428 466 879 533 uonmscrr1r1s,rr1sr.
906 469 940 513 v.
1001 469 1069 542 277

73 592 197 669 tenta,
217 579 303 653 facit
325 596 367 652 ut
390 583 429 651 in
458 595 622 652 mentem
645 580 769 652 veniat
793 581 952 679 ingentis
972 579 1071 651 illius

29 699 38 716 ⁸
76 697 310 770 collectionis
328 699 465 785 urinae,
489 718 603 794 quam
625 698 663 767 in
684 695 883 767 stabulario
897 695 952 793 (1)
969 721 990 765 a
1009 721 1071 766 me

77 810 304 911 descriptam
327 838 405 886 esse
423 815 638 886 memineris
661 837 731 884 nec
756 814 930 901 minoris,
956 836 1071 908 quam

74 929 142 1000 tibi
163 933 205 1000 in
239 932 362 1003 vesica
391 955 503 1018 anus,
531 955 575 1000 ex
594 930 786 1027 apoplexia
806 929 946 1026 pariter
968 950 1070 998 mor·

75 1059 169 1132 tuae,
185 1046 260 1116 alio
278 1046 362 1115 loco
383 1045 437 1141 (a)
457 1044 676 1116 describam.
703 1049 755 1114 Ex
775 1042 833 1115 his
853 1059 965 1140 atque
990 1044 1070 1116 aliis

74 1159 259 1254 ejusmodi
276 1159 598 1233 observationibus
615 1156 722 1231 facile
740 1160 934 1256 intelligis,
956 1185 1069 1256 quam

75 1273 182 1347 facile
211 1275 329 1372 possi-t
355 1275 541 1361 accidere,
567 1288 610 1344 ut
634 1276 700 1371 qui
717 1274 937 1372 apoplectici
958 1275 1070 1371 paulo

76 1390 220 1462 diutius
239 1392 351 1462 vitam
377 1389 554 1477 trahunt,
578 1390 628 1461 iis·
651 1414 748 1460 nova
775 1393 930 1487 insuper
952 1391 1070 1462 malo-

77 1531 164 1576 rum
175 1508 338 1578 accessio
354 1501 418 1576 fiat
437 1506 484 1576 ab
502 1506 618 1575 urinae
634 1507 864 1593 retentione,
882 1531 926 1577 eo
946 1509 1072 1580 minus

77 1623 353 1709 animadversa,
371 1621 475 1719 quod
496 1646 584 1692 cum·
600 1646 717 1719 pauca
738 1624 803 1719 qui
818 1622 1070 1721 possunt‚sed
1100 1636 1105 1647 ‘
1146 1624 1153 1639 '

77 1763 119 1811 ea
132 1738 296 1835 liquida,
314 1738 541 1834 deglutiant,
559 1738 691 1810 lotium
703 1753 827 1817 autem
845 1763 938 1835 saepe
953 1738 1070 1810 obin-

78 1854 254 1957 firmatas
284 1853 508 1950 sphincteris
539 1855 637 1926 vires
666 1857 837 1952 guttatim
871 1854 1071 1943 distillans,

78 1970 200 2042 cubile
218 1970 430 2059 humectet,
447 1971 507 2041 his
523 1970 670 2059 indiciis
686 1974 929 2070 acquiescunt
947 1974 1071 2044 minis·

77 2088 143 2175 tri,
159 2101 203 2158 ut
212 2087 367 2157 minime
383 2086 538 2158 credant
553 2086 600 2160 de
616 2103 760 2162 retenta
782 2089 889 2163 urina
904 2089 974 2161 sibi
990 2115 1070 2161 me-

80 2203 184 2274 dicos
196 2226 275 2274 esse
293 2205 523 2275 monendos
533 2209 677 2276 Horum
688 2206 803 2302 igitur
820 2207 983 2304 partium
1001 2206 1071 2277 erit

75 2318 229 2414 jubere,
250 2319 361 2390 imam
381 2322 521 2393 ventris
536 2337 681 2419 partem
698 2310 856 2394 subinde
871 2323 1070 2410 attrectari,

78 2450 118 2506 ut
141 2438 173 2507 si
196 2450 322 2506 tumor
344 2434 485 2508 indicet
509 2436 644 2535 lotium
659 2463 738 2510 uon
755 2437 882 2526 reddi,
900 2436 973 2508 hoc
991 2453 1070 2510 arte

77 2551 216 2649 aliqua,
233 2565 270 2621 et
286 2554 316 2623 si
329 2576 389 2623 res
397 2567 526 2650 cogat,
544 2554 732 2643 immissa,
751 2554 856 2652 quod
872 2555 912 2624 in
922 2551 1069 2626 feminis

76 2664 292 2738 facillimum
307 2683 378 2758 est,
394 2683 569 2767 argentea
590 2667 733 2758 fistula,
752 2694 867 2741 manu
891 2668 1069 2740 emolian-

77 2783 167 2880 tur(
197 2783 222 2880 ).

111 3080 155 3157 (r)
176 3080 272 3155 Epist.
286 3085 317 3148 l,
333 3096 363 3132 ιι.
378 3097 422 3151 19.

112 3179 157 3256 (a)
178 3177 272 3252 Epist.
288 3174 342 3246 56,
357 3196 387 3231 n.
405 3194 449 3230 12.

112 3275 390 3355 (*)Hicprudenter
396 3275 778 3345 suadetMoacrortos3uam
785 3275 886 3332 sedulo
893 3276 1070 3354 investigare

73 3377 138 3452 quis
157 3377 199 3432 sit
214 3376 319 3431 vesicae
336 3386 428 3431 status
446 3394 482 3431 eo
500 3375 594 3451 magis
615 3374 719 3443 refert,
740 3375 822 3448 quod
833 3371 878 3430 his
895 3376 927 3430 in
940 3378 1069 3448 morbis,

72 3474 157 3529 urina
170 3492 227 3548 per
246 3473 472 3529 exundationem
487 3471 593 3548 (quarn
610 3473 869 3548 regurgitationem
887 3474 1008 3551 dicunt)
1022 3495 1071 3531 su-

72 3572 250 3647 perfluente,
263 3572 295 3626 in
309 3590 440 3627 errorem
454 3574 536 3628 facile
553 3573 734 3628 inducuntur
748 3573 791 3628 illi
808 3573 859 3648 qui
878 3586 1001 3649 aegrotos
1015 3596 1069 3632 cu-

73 3662 154 3742 rant,
171 3673 299 3744 ideoque
311 3687 373 3724 non
385 3671 622 3728 animadvertunt
639 3672 765 3735 vesicam
784 3690 845 3727 esse
867 3673 1068 3747 paralyticam.

44 3754 51 3819 s
73 3772 126 3826 Res
133 3787 280 3846 perquam
291 3768 440 3842 utilis-erit
448 3811 456 3840 ,
464 3769 489 3824 si
502 3770 787 3848 monuerimuslhanc
798 3772 957 3846 paralysim
967 3775 1071 3830 v'esicae

75 3880 104 3924 at
126 3871 231 3925 saltem
253 3865 476 3940 resolutionem,
506 3869 661 3926 manifesto
682 3870 863 3944 deprehendi
885 3870 1018 3944 quolibet
1039 3873 1071 3928 in

74 3969 196 4039 morbo,
220 3985 289 4024 cum
305 3965 367 4024 sive
385 3968 551 4040 cerebrum,
572 3968 634 4028 sive
651 3969 742 4044 spina
759 3969 905 4039 medulla,
933 3969 995 4026 sive
1015 3971 1075 4027 alia
