2784 4668
314 495 360 566 9²
482 490 529 537 mr
548 458 699 536 'sumnus
724 486 767 534 rr
792 484 916 535 causis
940 485 1149 537 uonsornn

314 599 467 703 guileris
481 624 567 675 cum
584 601 653 672 alia
671 601 745 670 sint
763 624 885 686 venae,
906 598 976 670 alia
994 598 1152 687 arteriae,
1172 601 1315 697 sangui·

315 746 403 793 nem
422 721 487 818 qui
504 717 650 818 pcr'has
666 714 801 807 fertur}
818 715 884 789 ubi
909 715 956 791 ad
981 715 1217 789 obstaculum
1231 743 1317 790 ven·
1377 664 1379 817 l

314 851 395 909 tum
413 852 467 913 est
483 861 561 933 quo
576 835 656 931 ejus
668 835 846 905 transitus
858 835 1002 905 tardior
1012 831 1073 920 lit,
1085 859 1164 906 non
1180 832 1317 906 disten·
1378 824 1379 867 ³

316 953 442 1028 dendo
463 951 603 1041 solum,
619 952 682 1025 sed
701 952 947 1050 percutiendo
969 977 1142 1051 quoque,
1164 975 1315 1025 nocere.

277 1138 278 1147 ,
315 1070 460 1143 Scilicet
477 1085 571 1169 quot
586 1084 673 1143 sunt
686 1071 906 1143 arteriarum
921 1071 1173 1168 pulsationes,
1199 1083 1258 1141 tot
1272 1070 1318 1139 ic·
1379 1088 1380 1115 ³

315 1188 434 1277 tibus,
462 1189 596 1286 hisque
626 1180 918 1293 eoymajoribus,
950 1212 1027 1287 qno
1051 1184 1240 1259 difficilior
1263 1199 1317 1259 est

313 1308 511 1392 transitus,
529 1306 723 1404 meninges
741 1306 920 1405 percellit.
948 1308 1006 1378 Sic
1032 1303 1318 1404 Brunnerus(1)
1380 1336 1381 1345 ¹

312 1427 498 1498 immanes
515 1426 645 1523 capitis
661 1426 847 1499 cruciatus
863 1429 903 1498 in
918 1427 1000 1497 viro
1014 1426 1122 1522 cujus
1137 1425 1233 1497 dura
1246 1447 1319 1495 me·

314 1546 408 1617 ninx
422 1544 587 1617 verrucis
604 1546 674 1641 pisi
689 1544 947 1643 magnitudine
961 1545 1134 1644 plurimis
1147 1542 1211 1612 hic
1223 1541 1317 1632 illic,

216 1692 218 1701 ¹
316 1663 392 1737 sed'
410 1662 613 1761 praesertim
641 1663 738 1733 circa
761 1666 981 1737 arteriarum
1007 1662 1316 1757 tumificatr'ones,
1382 1690 1383 1703 ¹

316 1779 578 1867 obsidebatur,
600 1804 620 1851 a
645 1779 800 1876 singulis
820 1777 1080 1850 arteriolarum
1104 1775 1320 1877 vibrationi-

314 1895 388 1968 bus
400 1894 554 1968 deduxit
568 1924 576 1964 ε
591 1919 809 1992 quanquam
822 1894 1057 1973 distentionis
1070 1909 1217 1973 tautum
1230 1895 1319 1983 vim,
1383 1940 1384 2001 p

270 2061 272 2066 ,
313 2036 394 2083 nou
422 2012 531 2083 etiam
545 2012 815 2111 percussionis,
832 2012 1020 2109 spectavit.
1039 2015 1223 2087 Caeterurn
1239 2034 1319 2081 nou
1383 2006 1384 2045 ³

314 2128 433 2200 modo
458 2130 634 2219 coalitus,
659 2129 874 2225 angustiora
900 2154 984 2225 quae
1000 2152 1069 2228 per
1094 2129 1196 2227 ipsos
1224 2142 1323 2198 trau·
1384 2218 1385 2231 .

252 2328 256 2339 .
315 2262 443 2337 scunt,
459 2272 543 2320 vasa
553 2245 776 2336 efficiendo,
789 2246 854 2321 sed
865 2261 903 2320 et
917 2245 1125 2345 quidquid,
1137 2247 1213 2318 sive
1224 2270 1321 2344 pun-

203 2366 209 2381 ⁸
315 2363 815 2461 geud0,conve,llendoque,
828 2366 903 2436 sive
915 2363 1204 2463 comprimendo
1213 2389 1321 2463 praes·

313 2492 393 2553 tare
406 2482 506 2553 idem
521 2496 663 2579 potest,
676 2484 808 2581 capitis
820 2481 971 2565 dolores
983 2481 1135 2554 creabit.
1149 2485 1320 2580 Pungeu-

316 2595 365 2670 do
383 2599 533 2673 creabat
548 2620 652 2671 ossea
675 2599 738 2673 illa
762 2615 870 2670 acuta
891 2598 1094 2697 particula,
1120 2601 1220 2677 inter
1243 2624 1318 2673 mc·

273 2736 289 2757 ⁹
313 2716 597 2817 ningessita,de
606 2716 789 2815 qualeges
797 2717 1098 2793 observationem
1106 2721 1316 2815 Hl,anu07

314 2831 394 2905 dec.
414 2833 464 2903 ΙΙΙ
485 2832 681 2931 Ephemer.
702 2839 873 2906 Caesareae
892 2837 975 2906 Nat.
992 2839 1078 2907 Cur.
1099 2830 1316 2919 Academia.

314 2949 609 3048 Comprimcndo
634 2967 780 3040 autem,
808 2954 987 3029 exustosis
1015 2953 1134 3024 cranii
1160 2953 1320 3034 interior

311 3081 397 3151 turn
411 3090 493 3162 quae
501 3065 762 3153 obseruatione
767 3069 995 3151 describitur
1006 3072 1165 3158 ccum,
1175 3069 1216 3141 in
1230 3073 1319 3142 Dec.

315 3182 447 3256 eadem
473 3210 573 3257 anno
602 3211 663 3276 10,
687 3188 868 3285 sanguine
890 3202 1091 3287 propterea
1105 3206 1264 3287 quoque
1280 3188 1320 3259 in
1360 3212 1363 3219 ’

314 3302 659 3400 meningibusaden
671 3320 879 3394 remorato,
889 3302 1016 3379 utfere
1028 3304 1322 3403 essentdigitum

313 3431 568 3495 transversum
586 3444 733 3511 crassae,
757 3437 794 3494 et
818 3421 1041 3507 luxuriantis
1064 3421 1188 3497 carnis
1205 3406 1321 3495 refer·

313 3551 399 3623 rent
411 3539 593 3636 speciem,
607 3552 689 3609 tum
704 3564 787 3636 quae
801 3542 906 3612 Ceut.
923 3554 1045 3630 sexta,
1056 3538 1322 3614 observatione

314 3655 418 3745 XXI,
438 3654 660 3753 adjectoque
684 3655 733 3728 ad
744 3642 852 3726 *hanc
875 3657 1020 3729 scholio
1038 3682 1118 3730 non
1138 3680 1217 3727 una
1236 3681 1325 3756 pro·

354 4010 398 4087 (1)
418 4009 493 4090 pr.
507 4015 544 4074 N.
558 4017 594 4073 C.
606 4016 692 4075 Ceut.
712 4017 829 4088 1,0bs.
842 4017 890 4093 69.
995 3988 1000 3997 .
1108 4086 1112 4095 ⁴
