2774 4670
218 391 285 441 tm.
313 393 337 437 1.
365 392 411 439 nu
437 392 571 440 uoltus
598 390 753 456 cartus,
782 386 892 441 enisu
920 396 969 441 tx.
1022 372 1088 458 481

92 519 224 601 potest
246 504 293 575 ab
312 505 374 574 illa
391 529 504 601 quam
519 501 631 576 fuisse
645 505 808 578 vidimus
825 508 865 576 iu
879 509 974 580 vasis
993 503 1099 578 cere-¹

92 619 176 713 bri,
195 622 385 718 sauguinis
408 622 615 717 paucitate,
643 636 680 691 et
700 622 787 694 satis
804 622 865 693 hie
882 639 958 711 est,
979 625 1096 721 expli·
1125 648 1127 655 ·

95 753 181 809 cata
197 739 273 833 jam
290 738 379 810 alibi
392 764 413 809 a
426 739 538 811 nobis
555 738 840 827 dormitatione,
862 741 955 812 illud
972 758 1096 837 osten·
1201 747 1203 751 ’

93 854 188 927 dere
220 857 325 952 quod
351 880 471 927 unum
495 856 535 925 in
564 854 802 928 nosocomio
816 882 968 956 quoque
985 906 986 909 =
1004 875 1096 931 tune

94 973 374 1066 ostendendum
384 973 632 1071 suscepimus,
651 971 699 1042 ab
712 973 780 1044 ista
789 956 863 1044 sive
876 976 1014 1071 multa,
1030 1000 1097 1048 seu

92 1114 217 1188 pauca
235 1114 330 1188 aqua
344 1090 562 1188 epilepsiam
573 1091 738 1186 potuisse
754 1091 914 1161 excitari.

151 1232 203 1279 11.
231 1211 325 1279 Cum
343 1209 443 1279 enim
465 1231 508 1277 ea
529 1230 610 1303 quae
628 1231 739 1304 supra
760 1222 966 1278 memorata
987 1224 1097 1298 sunt,

93 1325 222 1396 multae
241 1322 562 1424 quae‘praefuisset,
590 1349 695 1422 aquae
718 1324 856 1395 indicia
882 1350 1096 1398 enumeras-

93 1468 193 1532 sem,
208 1458 244 1516 et
260 1467 370 1514 causa
388 1442 566 1540 exempli,
580 1440 775 1539 quomodo
791 1443 999 1514 seeundum
1016 1444 1097 1515 Bel·

93 1560 239 1665 linil1)
256 1561 449 1659 dogmata,
469 1560 515 1647 ab
529 1561 644 1631 nimia
661 1559 832 1635 humoris
850 1562 959 1657 copia
980 1561 1096 1632 modo

91 1679 179 1767 hos,
188 1679 537 1751 modoillosnervos
545 1692 609 1748 aut
617 1677 1097 1766 contrahente,autlaxante

91 1797 217 1895 repeti
233 1797 350 1895 possit
364 1793 539 1893 epilepsia
552 1793 610 1866 vel
630 1793 733 1864 nulla
750 1795 871 1891 posita
884 1797 922 1864 vi
940 1797 1097 1883 stimuli,

90 1914 335 2001 indicassem3
351 1912 445 1983 illud
456 1913 632 2000 alterum,
645 1909 937 2009 prohibentibus
951 1928 1097 2011 tempo-

93 2033 149 2103 ris
168 2031 346 2129 angustiis
364 2030 425 2099 vix
441 2030 563 2126 attigi,
582 2030 763 2100 nimirum
784 2031 822 2098 vi
840 2045 965 2103 tamen
983 2032 1096 2103 etiam

95 2149 238 2221 stimuli
247 2146 399 2218 excitari
411 2170 535 2244 posse,
549 2162 586 2219 et
599 2149 639 2216 iu
650 2149 846 2244 proposito
859 2148 1096 2221 adolescente
1178 2157 1181 2163 ’

93 2267 279 2366 potuisse,
287 2266 491 2362 praesertim
504 2289 589 2335 cum
600 2263 782 2335 indicium
797 2266 937 2337 stimuli
947 2292 1026 2337 nou
1038 2267 1100 2339 de·

95 2397 209 2477 esset,
229 2380 334 2478 quod
353 2395 390 2453 et
409 2381 462 2451 ibi
483 2381 573 2468 dixi,
595 2379 782 2453 subflavus
798 2382 974 2453 videlicet
990 2407 1095 2480 aquae

95 2501 213 2572 color.
225 2499 277 2571 'Et
291 2524 378 2572 sane
396 2501 496 2570 inter
514 2499 600 2571 illos
618 2492 728 2570 etiam
746 2494 914 2570 medicos
927 2502 993 2596 qui
1011 2517 1097 2573 aute

94 2618 324 2689 recentiores
334 2600 558 2705 floruerunt,
570 2617 610 2685 in
630 2614 762 2686 eadem
775 2615 844 2686 hac
862 2613 932 2686 luit
948 2634 1098 2688 senteu-

93 2736 147 2807 tia
162 2760 238 2833 prae
257 2736 396 2807 caeteris
412 2733 570 2804 Saxonis
586 2747 717 2833 noster
733 2732 800 2830 (2)
823 2730 896 2822 Qui
914 2746 998 2802 'cum
1019 2736 1096 2832 epi-

91 2853 268 2950 lepticam
291 2850 572 2923 convulsionem
584 2874 629 2920 ex
644 2851 880 2922 irritamento
894 2840 1107 2922 deduceret

92 2968 323 3040 membranae
335 2970 471 3057 tenuis,
483 2967 627 3040 cerebri
640 2956 1098 3066 ventriculossuccingen·
1128 3026 1134 3037 .

84 3089 160 3174 tis,
171 3086 260 3158 illuc
279 3086 477 3183 processit,
496 3100 537 3156 ut
548 3084 743 3169 scriberet,
756 3109 911 3181 aquam,
928 3084 1096 3156 dummo-

93 3203 147 3274 do
158 3228 236 3274 non
246 3210 294 3274 sit
297 3209 481 3302 permista
489 3225 684 3272 cumsucco
693 3200 838 3288 biliosO,
851 3216 1095 3300 etpropterea
1172 3276 1176 3285 x
1202 3186 1209 3196 ’

92 3327 236 3392 nonsit
252 3321 508 3413 colorisflavi,
529 3335 598 3389 aut
613 3317 753 3404 viridis,
773 3342 850 3389 uon
862 3320 997 3409 facere
1018 3327 1095 3418 epi-

91 3439 258 3536 lepsiam.
277 3444 420 3510 Verum
442 3451 497 3508 est
515 3435 670 3533 quidem
691 3459 770 3504 non
789 3459 874 3506 raro
892 3439 931 3509 in
951 3438 1095 3535 epilep·
1129 3442 1132 3443 ⁷

89 3558 254 3628 ticorum
278 3556 464 3654 capitibus
480 3554 641 3652 reperiri
658 3568 874 3647 stagnantes
897 3579 1018 3651 aquas
1045 3564 1095 3625 ci-

131 3838 178 3916 (1)
197 3841 242 3896 De
256 3840 352 3897 morb.
370 3839 466 3913 Capit.

130 3939 176 4015 (a)
196 3942 230 3997 C.
251 3941 287 3997 16
304 3941 355 3997 cit.
371 3958 462 4014 supra
476 3940 524 3996 ad.
539 3958 570 3994 n,
585 3939 613 3996 8.

167 4061 197 4107 1.
