2798 4668
182 431 249 477 Lm.
277 429 302 474 1.
331 429 377 475 nr
404 424 950 501 nonnis,cartris,ur1sr.x11.
1004 403 1069 503 571

68 542 199 614 tendit.
220 544 390 632 Quarum
411 541 532 615 nullas
552 542 591 611 in
612 543 741 612 animo
760 559 815 614 est
835 543 896 614 hic
918 544 1073 644 iterare,

71 659 136 732 sed
154 660 410 757 unampotius
428 658 614 756 proferre,
636 661 696 733 otri
714 661 837 731 locum
860 662 898 730 in
918 663 963 732 iis
981 645 1075 759 epis-

70 778 160 849 tolis
174 792 303 874 aptum
316 802 396 848 non
410 774 539 873 fuisse,
550 798 764 875 cognosces.
783 782 871 848 Eam
887 802 973 849 cum
988 803 1074 875 pro-

70 894 209 982 tulero,
219 910 301 965 tum
313 893 621 965 commemorabo
635 919 717 992 quae
728 894 821 981 vidi,
835 895 881 964 ad
896 897 1071 992 primum,

71 1026 112 1083 ut
130 1026 245 1109 puto,
262 1012 401 1086 interni
420 1010 693 1109 hydrocepbali
711 1037 829 1110 genus
848 1013 1042 1083 attinentia
1062 1039 1072 1081 :¹

71 1152 140 1198 neo
154 1128 225 1229 alia
238 1127 285 1199 de
296 1131 418 1226 spina,
429 1144 472 1199 ut
482 1144 636 1222 vocant,
646 1126 778 1217 bifida,
793 1130 869 1200 sive
884 1129 930 1200 de
943 1129 1072 1225 aqueis

71 1243 183 1340 hujus
202 1246 416 1319 tumoribus
430 1246 610 1319 reticebo.

120 1391 154 1433 2.
181 1366 300 1452 Anus,
331 1379 530 1462 postquam
559 1364 713 1461 antiqua
745 1377 895 1437 artuum
925 1362 1070 1450 ulcera,

70 1481 197 1553 minus
210 1506 288 1575 Jam
306 1483 346 1551 in
365 1482 672 1578 diesfflinusqire
687 1482 892 1566 manantia,
904 1478 1073 1551 novissi-

70 1622 129 1668 me
146 1598 251 1669 arida
267 1613 534 1696 apparuerant,
558 1599 699 1670 sensim
717 1598 823 1695 quasi
842 1623 863 1667 a
879 1580 1072 1669 eenectute

72 1714 256 1805 conlecta,
272 1731 420 1787 mortua
438 1731 504 1788 est.
646 1722 648 1727 ’

115 1834 283 1906 Cadaver
297 1834 491 1930 gymnasio
507 1832 596 1904 buic
615 1835 742 1920 cessit,
758 1855 846 1902 cnm·
857 1831 974 1903 altere
987 1855 1074 1927 quava

39 2034 41 2037 v
70 1975 168 2023 auno
192 1948 303 2047 1725,
324 1948 536 2020 habebatur
558 1964 749 2037 anatome,
776 1948 854 2043 jam
878 1947 926 2018 ad
954 1947 1073 2026 linem

71 2084 264 2166 spectaret.
294 2069 414 2165 Igitur
443 2068 587 2139 viscera
616 2069 799 2165 pleraque
830 2067 959 2137 omnia
990 2067 1072 2165 ipsc

71 2201 342 2282 perscrutatus,
357 2186 480 2279 jecur,
497 2200 535 2256 et
551 2185 719 2285 splenem
732 2182 977 2254 animaduerti
991 2208 1070 2257 ma-
1117 2280 1121 2285 Ι

71 2304 263 2399 gnitudine
286 2298 466 2374 excedere
490 2304 724 2400 aliquantum
751 2302 959 2372 naturalem
986 2327 1071 2382 mo-

71 2419 175 2508 dum,
195 2445 265 2492 nec
285 2420 491 2492 substantia
505 2422 584 2517 ipsa
596 2421 843 2490 omninoesee
858 2420 1070 2490 sectandum

70 2554 250 2610 naturam.
263 2538 386 2611 Multo
395 2553 520 2610 autem
533 2553 641 2608 erant
651 2560 763 2634 aequo
773 2536 973 2633 ampliores
986 2551 1070 2607 tum

72 2671 252 2743 necteres,
271 2671 351 2726 tum
369 2679 504 2726 renum
517 2654 664 2752 pelves,
683 2653 827 2725 indicio
838 2678 917 2723 non
937 2652 1068 2725 obscu-

71 2796 129 2859 ro,
152 2770 262 2845 fuisse
285 2773 379 2844 olim
396 2771 781 2859 mulieremcelcnlis,
811 2786 877 2842 aut
902 2770 988 2842 aliie·
1009 2796 1069 2844 ro·

72 2913 161 2959 num
182 2891 282 2962 vitiis
301 2891 504 2965 obnoxiam
522 2917 530 2960 :
545 2915 626 2987 qno
643 2904 681 2961 ct
698 2891 918 2987 parvitatem
940 2891 1068 2987 censui

71 3008 223 3078 attinere
242 3009 345 3079 renis
360 3007 521 3093 (laeteri,
539 3007 697 3079 dimidio
710 3005 868 3076 minoris
887 3029 1005 3101 quam
1020 3007 1069 3076 si-

69 3123 192 3199 nister.
210 3124 314 3195 boba
333 3126 481 3195 sinistra
499 3123 754 3221 Falloppiana,
774 3120 933 3195 fimbriis
952 3124 1068 3194 inter-

69 3239 242 3337 jectoqne
267 3241 325 3311 bis
350 3238 501 3310 orificio
521 3241 681 3311 omnine
706 3238 852 3326 deletis,
881 3240 923 3309 iu
948 3265 1069 3311 unum

71 3381 206 3455 eorpus
222 3374 389 3428 extremo
402 3357 468 3427 illo
484 3357 674 3428 coaluerat
685 3380 769 3426 cnm
783 3357 920 3427 evenio.
935 3357 1068 3428 Funde

72 3478 168 3546 uteri
187 3492 335 3573 aperto,
353 3490 557 3571 conspecta
570 3489 625 3545 est
647 3475 689 3543 in
709 3474 792 3570 ipso
818 3473 937 3569 boine
952 3475 1068 3546 latere

71 3593 221 3665 sinistro
240 3593 510 3688 excrescentia,
531 3617 612 3690 qua
634 3590 915 3689 megmtutline,
941 3608 977 3664 et
993 3591 1070 3682 lor-

70 3734 130 3782 ma
157 3712 394 3785 dimidiatum
420 3707 608 3783 referebat
637 3710 830 3807 hminum,
858 3708 943 3781 bani
970 3709 1069 3780 dnn-

68 3839 164 3898 taxat
181 3845 290 3899 utero
311 3851 472 3913 annexa,
496 3825 587 3898 facie
607 3840 731 3904 autem
743 3841 906 3922 utraque
921 3827 1065 3916 soluta,

69 3957 103 4012 et
124 3944 218 4033 laevi,
240 3968 310 4015 nec
330 3968 436 4016 secus
455 3968 497 4015 ac
516 3942 627 4032 fundi
643 3944 823 4019 uniuersa
838 3943 997 4017 interior
1013 3941 1068 4021 la·

1176 1832 1185 1881 l
