2780 4666
287 452 358 526 260
450 466 498 515 ns
523 458 669 527 annuas
693 458 738 505 ar
762 454 887 505 causis
912 450 1122 502 uoasoauu

284 583 484 661 vomuisse
496 602 556 665 se,
574 576 641 663 ait,
656 570 772 669 idque
786 569 914 666 lingua
930 621 940 655 ,
959 580 1003 638 ut
1019 563 1189 648 ridetur,
1206 560 1288 631 titu-

284 704 411 778 bante.
432 701 540 770 Mens
553 709 700 778 tantan,
716 702 754 759 et
769 708 917 787 sensus,
936 680 1162 755 etmovendi
1176 676 1287 749 facul·

284 836 342 894 tas
365 826 550 888 constant.
584 810 710 879 Noctu
734 805 872 877 sensim
901 802 1050 900 gravior
1073 796 1139 871 lit:
1160 798 1288 892 itaqua
1377 814 1378 817 ’

284 942 447 1016 moritur
461 931 644 1035 postridie
657 951 784 999 mane.-

334 1063 475 1129 Ventre
494 1063 645 1150 apert0,
664 1068 753 1125 sana
771 1042 898 1114 omnia
918 1042 1072 1110 inventa
1091 1047 1199 1117 sunt,
1216 1027 1286 1099 nisi

286 1173 392 1278 quod
407 1185 513 1245 erant
525 1164 648 1239 inulto
661 1161 784 1258 »magis
802 1164 917 1256 quam
936 1155 1099 1240 soleant,
1118 1145 1285 1231 madida,

286 1295 406 1392 hepar
423 1302 548 1359 autem
568 1262 828 1364 subalbidum,
842 1290 879 1347 et
894 1267 1176 1354 duriusculum,
1196 1263 1286 1358 ejus·

209 1510 212 1513 Ι
287 1436 363 1512 que
377 1402 541 1480 vesicula
549 1396 686 1472 referta
698 1393 878 1491 subnigra
884 1388 978 1477 bile,
994 1386 1106 1458 colon
1121 1383 1285 1477 denique

240 1588 242 1591 .
286 1526 533 1608 intestinum,
558 1518 589 1590 si
614 1513 652 1584 id
678 1534 833 1609 quoque
859 1507 937 1578 huc
960 1527 1090 1576 censes
1107 1501 1284 1584 attinere,

287 1636 335 1719 ad
352 1635 637 1714 erassitudinem
652 1628 799 1729 pollicis
813 1623 883 1698 suh
899 1619 1110 1695 ventriculo
1125 1630 1288 1691 contrac-

274 1780 380 1837 tum.
400 1763 501 1830 Hora
519 1767 598 1823 erat
616 1773 637 1819 a
655 1760 778 1818 morte
803 1741 1027 1827 undecima,
1046 1737 1208 1811 cadaver
1224 1757 1285 1804 au-

286 1896 364 1953 tern
382 1879 422 1946 in
441 1883 572 1969 aperto
590 1889 674 1938 aere
686 1864 873 1959 jacuerat,
892 1869 1016 1954 eoque
1034 1851 1192 1951 frigido,
1211 1874 1285 1921 me·

289 1997 375 2070 dius
393 1992 495 2065 enim
516 2000 595 2058 erat
608 1981 747 2054 mensis
763 1973 966 2049 december
987 1972 1077 2043 anni
1101 1968 1214 2068 1705,
1232 1971 1285 2039 in·

288 2115 565 2190 testinatamen
583 2101 708 2173 adhuc
726 2093 922 2167 calebant.
951 2091 1155 2162 Pulmones
1181 2085 1286 2159 undi-

292 2257 368 2332 que
387 2238 494 2301 eraut
512 2222 651 2321 pleurae
675 2212 796 2301 affixi,
822 2235 843 2281 a
874 2234 949 2309 qua
972 2208 1065 2280 dum
1082 2206 1235 2278 sinistro
1251 2204 1286 2272 in

289 2353 408 2425 latere
419 2341 689 2422 avellerentur,
711 2353 809 2429 aqua
827 2325 1091 2426 prodiit,«quae
1109 2322 1177 2394 ubi
1197 2336 1287 2418 stag-

291 2482 435 2555 nasset,
449 2486 520 2563 pro
534 2466 638 2529 certo
651 2475 732 2523 uon
751 2446 876 2547 potuit
890 2444 1077 2540 cognosci.
1097 2446 1140 2512 In
1160 2439 1285 2527 corde,

291 2609 335 2666 ut
349 2586 446 2661 alibi
458 2598 613 2681 quoque
627 2627 637 2663 ,
657 2558 1287 2665 sanguisfluidusCapiteabscisso,

293 2722 392 2809 aqua
411 2704 458 2776 de
481 2698 644 2772 maximo
667 2686 785 2762 cranii
808 2680 991 2754 foramine
1012 2677 1238 2751 distillabat:
1254 2689 1288 2746 et

293 2852 383 2904 sane
400 2820 544 2916 ubique
565 2814 663 2883 intra
677 2802 847 2876 cranium
867 2795 956 2886 tuit,
975 2795 1179 2895 praesertim
1203 2815 1287 2865 vero

294 2944 366 3022 sub
380 2956 458 3014 tota
475 2933 651 3027 meninge
664 2923 790 3009 tenui,
803 2943 873 3018 per
886 2900 1023 3014 quarn,
1042 2937 1228 3012 spumosa
1240 2934 1287 2984 sa·

293 3069 373 3141 livae
401 3065 535 3144 instar,
559 3045 715 3124 bullulis
738 3039 912 3114 videlicet
939 3035 1076 3136 passim
1108 3029 1285 3112 admistis,

294 3172 559 3259 translucebat.
577 3158 714 3237 Plenus¹
736 3154 937 3232 choroides
954 3149 1136 3225 vesiculas
1150 3146 1288 3244 aliquot

223 3312 225 3317 ’
296 3323 395 3397 aqua
411 3294 592 3365 distentas
609 3279 796 3363 habuere;
824 3273 895 3371 ipsi
917 3266 1110 3341 tamenab
1133 3288 1182 3338 ea·
1199 3284 1287 3360 aqua

296 3441 379 3516 quae
397 3414 438 3482 in
459 3396 677 3478 ventriculis
698 3396 851 3465 inventa
882 3400 955 3474 est,
978 3384 1134 3456 minime
1161 3379 1287 3452 albica-

296 3537 400 3611 hant.
416 3519 623 3600 Cerebrum
645 3513 773 3587 laxum
790 3518 870 3580 erat
887 3501 1101 3601 :pituitaria
1120 3491 1288 3598 glandula

298 3638 533 3754 quasinulla.
1282 3645 1285 3649 ²

352 3768 409 3846 36.
430 3762 512 3834 Sive
529 3749 690 3850 amplius
710 3747 750 3817 in
771 3743 846 3814 hoc
862 3738 1011 3822 cranio,
1029 3755 1103 3834 pro>
1118 3728 1216 3802 mole
1234 3747 1310 3794 ceu

299 3887 422 3972 rebri,
437 3875 597 3978 spatium
616 3863 702 3953 fuit,
716 3864 792 3935 sive
811 3858 925 3955 hujus
946 3877 1050 3941 vasa3
1071 3872 1154 3947 quae
1172 3862 1288 3938 neque

301 4000 450 4104 turgida
464 3990 574 4097 potui
591 3979 907 4067 animadvertere,
930 3994 1067 4067 neque·
1082 3963 1181 4049 fore,
1198 3970 1289 4031 arte·

495 4120 511 4151 ,Ι
