2784 4668
203 481 268 529 cru.
296 483 320 527 r.
349 479 872 545 uanoau1scar1rrs,u1usr.
900 483 956 528 111.
1016 459 1080 532 165

96 609 166 668 erat
183 596 352 693 corporis
370 594 562 665 resolutio.
577 593 769 666 Haecdum
781 593 943 683 fiebant,
963 596 1081 668 homo

95 711 143 784 bis
166 727 326 783 tremore
354 726 549 811 correptus
573 727 651 798 est,
681 714 869 811 coepitque
884 711 1021 814 buccas
1046 729 1083 785 et

94 854 129 901 os
154 838 332 916 movere,
360 844 396 901 et
417 830 552 926 magis,
571 843 613 900 ut
639 828 856 917 videbatur,
890 833 1082 928 magisque

93 947 183 1018 solvi.
198 948 270 1018 Sed
289 971 379 1017 mox
395 945 540 1017 levibus
550 948 589 1015 in
606 960 710 1044 parte
723 946 878 1025 dextera
893 949 1083 1020 convulsim

91 1065 138 1134 vis
159 1064 323 1135 motibus
339 1089 377 1135 se
398 1062 703 1152 ostendentibus,
733 1065 882 1162 gravior
902 1064 1083 1161 apoplec-

92 1181 175 1252 ticus
200 1182 360 1253 insultus
393 1180 504 1251 rediit
531 1179 662 1252 eadem
684 1180 765 1264 die,
792 1183 858 1278 qui
887 1181 1083 1252 hominem

93 1299 227 1370 sustulit
241 1301 341 1370 circa
355 1297 488 1368 horam
504 1296 708 1369 secundam
727 1300 860 1369 noctis.

133 1421 248 1515 Caput
278 1416 367 1488 dum
397 1430 677 1513 amputaretur,
702 1416 864 1486 multum
892 1417 1084 1515 sanguinis

94 1530 273 1622 effluebat,
293 1530 409 1629 cujus
423 1556 515 1632 ‘pars
544 1560 590 1605 ex
613 1559 679 1604 ore
699 1552 854 1632 quoque
878 1530 1080 1631 prodierat.

93 1654 171 1721 Tum
203 1652 375 1724 Valsalva
394 1651 488 1723 mihi
510 1680 517 1721 :
538 1682 556 1718 n
574 1657 659 1722 Hrec
688 1650 904 1750 apoplexia,
930 1653 1081 1723 nisime

94 1794 211 1839 »meae
240 1767 376 1840 fallunt
403 1769 702 1857 observationes,
723 1767 829 1839 facile
854 1795 874 1839 a
901 1770 1082 1866 sanguine

94 1913 107 1947 a
128 1884 214 1958 lacta
228 1901 305 1973 est,
329 1886 520 1958 dexteram
545 1887 691 1965 cerebri
712 1902 856 1985 partem
876 1887 1043 1958 laedente.
1062 1886 1082 1951 5>
1176 1911 1183 1920 ·

93 2005 223 2075 Interea
234 2006 453 2076 communia
468 2000 585 2074 cranii
605 2005 801 2075 involucra
823 2005 1083 2093 detrahentes,

66 2118 126 2188 'in
153 2121 383 2193 membranis
421 2119 496 2191 hoc
533 2122 703 2218 proxime
744 2122 1083 2219 complectentibus

94 2236 295 2334 sanguifera
318 2262 404 2308 vasa
433 2237 492 2306 vel
514 2238 669 2316 minima
693 2238 862 2335 perbelle
889 2235 1083 2310 manifesta

94 2354 421 2426 animadvertimus.
440 2352 512 2424 Sed
531 2378 575 2424 ea
594 2356 712 2453 magis
732 2355 892 2426 distenta
919 2381 1009 2428 mox
1028 2357 1094 2424 vi-'

94 2468 203 2544 dimus
228 2497 314 2571 quae
336 2497 404 2569 per
430 2472 625 2567 meninges
649 2472 854 2568 repebant,
877 2474 1083 2569 praesertim

95 2592 298 2682 pertenuis
324 2604 468 2686 partem
501 2589 707 2677 sinistram,
736 2589 802 2660 ubi
832 2602 1011 2687 praeterea
1043 2591 1083 2659 in

95 2727 226 2777 summo
253 2704 521 2803 hemisphaerio
540 2720 619 2775 erat
639 2705 780 2801 aliquid
806 2703 916 2776 effusi
934 2708 1083 2803 sangui·
1181 2696 1183 2701 ⁸

23 2804 24 2807 Ἴ
95 2822 158 2911 nis,
171 2826 283 2922 nigrae
296 2825 414 2894 instar
424 2822 683 2919 sugillationis.
693 2827 835 2893 Verum
851 2821 916 2893 ubi
928 2837 1082 2893 ventum

95 2942 190 3011 estad
204 2940 375 3013 laterales
388 2941 631 3029 ventriculos,
641 2965 768 3010 veram
783 2939 986 3011 admiratus
997 2966 1083 3011 sum

94 3057 254 3131 Valsalvae
274 3059 568 3156 praedictionem.
585 3061 679 3129 Nam
700 3073 778 3129 erat
799 3057 951 3154 quidem
972 3060 1012 3129 in
1032 3061 1083 3130 si-

96 3173 198 3246 nistro
215 3177 343 3274 aliqua
369 3176 561 3274 sanguinis
583 3173 690 3247 effusi
713 3176 860 3272 portio;
880 3175 944 3246 sed
960 3202 1043 3274 quae
1062 3204 1083 3248 a

95 3289 232 3365 dextero
251 3294 341 3364 illuc
370 3292 567 3365 defluxisse
594 3293 796 3364 videretur.
817 3297 862 3363 In
887 3293 961 3365 hoc
981 3297 1083 3365 enim
1179 3312 1181 3315 ’

94 3431 160 3479 non
174 3410 290 3483 modo
309 3409 379 3483 fuit
398 3411 516 3481 multo
534 3411 655 3507 major
674 3411 782 3507 copia
801 3413 871 3480 atri
892 3414 1084 3509 sanguinis

95 3538 125 3595 et
145 3530 327 3615 concreti,
355 3529 420 3602 sed
440 3544 477 3599 et
494 3552 652 3627 magnus
670 3528 771 3598 unde
794 3527 873 3599 haec
894 3518 1082 3616 extiterat,

94 3639 221 3735 hiatus,
241 3649 348 3744 quasi
366 3648 500 3744 aliquis
521 3646 675 3716 rudiore
695 3645 816 3716 cultro
838 3645 885 3715 ad
905 3644 1000 3715 latus
1020 3672 1083 3715 ex-

94 3771 228 3834 ternum
249 3765 412 3841 demisso
432 3765 605 3863 corporis
615 3764 750 3852 striati,
770 3778 806 3834 et
816 3762 1084 3833 thalaminerri

96 3879 215 3970 optici,
247 3897 452 3979 utrumque
489 3881 626 3951 horum
659 3905 774 3978 super
813 3877 1015 3964 fornicem,
1046 3892 1084 3948 et

96 3997 232 4068 tertium
250 4000 504 4070 ventriculum
528 3999 756 4072 revolvisset.
778 4001 916 4068 Caetera
935 4021 1016 4092 quae
1036 3996 1082 4067 ad.
