2774 4666
292 427 360 514 184
455 453 502 499 uu
529 451 674 501 samius
700 453 743 498 ar
769 453 891 502 causis
918 457 1126 504 nonnosum
1213 505 1217 512 ,

286 579 394 661 peret
411 564 475 635 illa
495 566 594 635 intra
615 566 785 637 cranium
811 569 1005 665 sanguinis
1021 566 1156 641 effusio
1177 596 1285 668 quam

284 683 423 778 ipsein
449 682 683 780 apoplectica
711 707 776 757 sua
799 685 961 774 invenit,
980 690 1115 759 merito
1143 705 1288 777 censet,

287 823 470 869 necessum
477 802 615 889 fieisse,
635 814 678 869 ut
692 807 846 897 sanguis
863 817 955 874 tunc
975 804 1097 901 aliqua
1115 805 1162 879 de
1182 810 1288 878 causa

286 919 679 1013 copiosiorirssuxen‘t.
696 917 800 989 Idem
816 943 886 990 nos
901 945 1055 1018 quoque
1065 923 1106 992 iu
1117 924 1289 1021 apoplec·

225 1062 227 1069 ’
283 1036 360 1106 tico
386 1049 519 1106 nostro
547 1059 762 1120 censemus,
785 1059 905 1133 eoque
926 1034 1070 1111 facilius
1088 1039 1195 1137 quod
1212 1065 1287 1110 ma-

280 1153 356 1248 jori
373 1153 518 1249 impetu
537 1152 686 1249 sanguis
700 1153 739 1222 in
755 1153 901 1226 cerebri
911 1158 1065 1228 arterias
1087 1153 1286 1229 ferebatur.

283 1273 378 1342 Cum
397 1270 498 1340 enim
516 1268 562 1340 ad
582 1295 669 1340 eum
686 1270 869 1367 impetum
882 1271 1158 1352 moderandum
1172 1289 1210 1345 et
1221 1274 1288 1345 ha-

282 1413 368 1458 rum
387 1388 546 1475 tunieae,
565 1402 607 1457 ut
627 1411 742 1484 supra
767 1389 878 1459 etiam
902 1390 957 1486 (1)
981 1389 1076 1480 dixi,
1096 1393 1287 1465 tenuiores

283 1506 358 1577 sint
374 1519 523 1590 creatae,
542 1528 663 1601 eoque
689 1505 813 1576 minus
837 1506 884 1576 ad
903 1508 1118 1604 urgendum
1139 1511 1289 1607 sangui·
1374 1564 1377 1577 .

282 1647 371 1693 nem
387 1637 501 1719 aptae,
521 1636 558 1700 et
578 1637 834 1696 anastomoses
847 1624 893 1694 ad
913 1623 1018 1698 illum
1035 1626 1223 1722 impetum
1236 1648 1289 1697 re·

281 1738 522 1813 tundendum
543 1739 641 1813 inter
668 1738 853 1812 carotides
870 1764 912 1811 ac
930 1724 1160 1813 vertebrales
1185 1744 1288 1814 insti-

281 1871 388 1944 tuta,
405 1871 442 1925 et
460 1855 595 1925 harum
612 1869 778 1952 utraeque
795 1857 1017 1955 priusquam
1031 1857 1078 1929 ad
1091 1858 1289 1930 cerebrum

282 1973 483 2059 accedant,
501 1996 580 2042 non
594 1971 709 2043 semel
726 1970 887 2062 inflexae,
905 1973 1000 2045 illud
1017 1976 1174 2073 insuper
1185 1975 1289 2073 quod

249 2094 253 2107 ’
281 2114 432 2171 mecum
459 2090 572 2162 velim
603 2075 899 2181 animadvertas,
927 2090 1097 2163 additum
1133 2108 1215 2182 est,
1244 2118 1289 2164 ne

281 2223 416 2306 praeter
436 2206 641 2296 carotides,
659 2196 887 2285 vertebrales
908 2230 1062 2308 quoque
1081 2213 1227 2285 arteriae
1244 2211 1287 2283 ab

242 2351 245 2355 ’
281 2330 366 2423 ipso
397 2341 509 2399 aortae
534 2351 624 2396 arcu
651 2327 870 2415 existerent,
895 2326 942 2396 ad
971 2352 1085 2424 quern
1114 2328 1287 2407 videlieet

280 2459 386 2515 tanto
403 2424 547 2541 impetu
564 2445 714 2540 sanguis
731 2467 752 2512 a
769 2445 944 2539 proximo
964 2444 1079 2516 corde
1099 2443 1285 2534 alliditur,
1366 2478 1368 2485 >

187 2643 193 2658 .
280 2577 323 2635 ut
340 2563 371 2633 is
392 2560 715 2658 frequentissimus
736 2583 815 2630 esse
842 2560 958 2630 soleat
980 2577 1287 2657 aueurysmatum

202 2716 205 2728 ι
280 2681 410 2766 locus,
428 2678 493 2750 sed
508 2703 553 2749 ex
569 2674 768 2747 subclaviis
781 2675 933 2746 demum
943 2675 1283 2774 proficiscerentur.

279 2798 394 2894 Atqui
411 2797 558 2868 sinistra
574 2792 816 2882 vertebralis,
836 2819 916 2867 non
937 2819 981 2865 ex
995 2793 1207 2884 subelavia,
1225 2795 1287 2869 sed

179 2970 181 2974 Α
281 2941 325 2987 ex
343 2917 426 3011 ipso
441 2937 584 3010 magnae
599 2913 741 2982 arteriae
752 2934 843 2982 arcu
855 2912 894 2981 in
907 2926 1038 2985 nostro
1051 2913 1286 3010 apoplectico

280 3031 527 3123 nascebatur,
545 3030 585 3101 in
605 3053 686 3101 eam
699 3043 824 3101 autem
847 3031 1054 3124 cumrsocia
1074 3029 1287 3103 confluebat

279 3150 473 3235 arteriam,
505 3171 587 3241 quae
613 3146 775 3244 amplam
794 3147 971 3245 quidem,
1002 3163 1044 3221 ut
1075 3146 1173 3236 dixi,
1202 3173 1285 3220 eum

280 3266 432 3341 dextera
447 3264 634 3354 carotide,
653 3265 797 3343 nullam
817 3290 903 3337 cum
917 3267 1067 3340 sinistra
1076 3281 1287 3339 anastomo-

279 3384 347 3460 sim
363 3381 547 3470 habebat,
565 3397 607 3452 ut
623 3384 805 3480 impetum
827 3383 1017 3481 sanguinis
1041 3399 1188 3480 quanto
1208 3409 1285 3454 ma·

278 3502 333 3598 gis
349 3524 417 3595 per
435 3500 557 3587 illam,
579 3508 683 3570 tahto
705 3524 774 3596 per
795 3499 894 3571 hanc
918 3501 1062 3594 minus,
1080 3503 1157 3574 imo
1178 3503 1282 3573 nullo

277 3617 393 3694 modo
408 3615 639 3714 infringeret.
664 3618 797 3712 Majori
809 3619 922 3715 igitur
933 3620 1078 3716 impetu
1096 3643 1165 3716 per
1182 3621 1283 3693 sinis-

963 3894 1018 3963 »4έᾷ

313 3977 357 4057 (r)
378 3980 416 4036 Ν,
438 3997 467 4053 9.
