<?xml version="1.0" encoding="UTF-8"?>
<!DOCTYPE html PUBLIC "-//W3C//DTD XHTML 1.0 Transitional//EN"
    "http://www.w3.org/TR/xhtml1/DTD/xhtml1-transitional.dtd">
<html xmlns="http://www.w3.org/1999/xhtml" xml:lang="en" lang="en">
 <head>
  <title>
</title>
<meta http-equiv="Content-Type" content="text/html;charset=utf-8" />
  <meta name='ocr-system' content='tesseract 3.04.00' />
  <meta name='ocr-capabilities' content='ocr_page ocr_carea ocr_par ocr_line ocrx_word'/>
</head>
<body>
  <div class='ocr_page' id='page_1' title='image "./desedibusetcaus06adelgoog_0636.png"; bbox 0 0 2798 4668; ppageno 0'>
   <div class='ocr_carea' id='block_1_1' title="bbox 256 436 1147 522">
    <p class='ocr_par' dir='ltr' id='par_1_1' title="bbox 256 436 1147 522">
     <span class='ocr_line' id='line_1_1' title="bbox 256 436 1147 522; baseline 0.003 -14"><span class='ocrx_word' id='word_1_1' title='bbox 256 463 323 508; x_wconf 78' lang='lat' dir='ltr'><strong>nm.</strong></span> <span class='ocrx_word' id='word_1_2' title='bbox 352 460 377 506; x_wconf 89' lang='lat'><strong>1.</strong></span> <span class='ocrx_word' id='word_1_3' title='bbox 404 456 931 522; x_wconf 75' lang='lat' dir='ltr'><strong>nnuonrrscnr1r1s,nrrsr.</strong></span> <span class='ocrx_word' id='word_1_4' title='bbox 959 460 1023 507; x_wconf 85' lang='lat' dir='ltr'><strong>xrr.</strong></span> <span class='ocrx_word' id='word_1_5' title='bbox 1076 436 1147 513; x_wconf 79' lang='lat'><strong>625</strong></span> 
     </span>
    </p>
   </div>
   <div class='ocr_carea' id='block_1_2' title="bbox 110 569 1274 675">
    <p class='ocr_par' dir='ltr' id='par_1_2' title="bbox 110 569 1274 675">
     <span class='ocr_line' id='line_1_2' title="bbox 110 569 1274 675; baseline 0.002 -30"><span class='ocrx_word' id='word_1_6' title='bbox 110 589 346 675; x_wconf 24' lang='lat' dir='ltr'><strong>&#39;propterea</strong></span> <span class='ocrx_word' id='word_1_7' title='bbox 370 572 603 659; x_wconf 87' lang='lat' dir='ltr'><strong>existimant,</strong></span> <span class='ocrx_word' id='word_1_8' title='bbox 633 569 739 667; x_wconf 92' lang='lat' dir='ltr'><strong>quod</strong></span> <span class='ocrx_word' id='word_1_9' title='bbox 768 569 907 643; x_wconf 90' lang='lat' dir='ltr'><strong>horum</strong></span> <span class='ocrx_word' id='word_1_10' title='bbox 930 574 1074 672; x_wconf 83' lang='lat' dir='ltr'><strong>aliquot</strong></span> <span class='ocrx_word' id='word_1_11' title='bbox 1098 578 1150 648; x_wconf 93' lang='lat' dir='ltr'><strong>sic</strong></span> <span class='ocrx_word' id='word_1_12' title='bbox 1212 569 1214 573; x_wconf 45' lang='lat'><em>⁷</em></span> <span class='ocrx_word' id='word_1_13' title='bbox 1270 640 1274 647; x_wconf 89' lang='lat'><em>.</em></span> 
     </span>
    </p>
   </div>
   <div class='ocr_carea' id='block_1_3' title="bbox 141 687 1250 3723">
    <p class='ocr_par' dir='ltr' id='par_1_3' title="bbox 141 687 1151 1364">
     <span class='ocr_line' id='line_1_3' title="bbox 144 687 1150 787; baseline 0.002 -23"><span class='ocrx_word' id='word_1_14' title='bbox 144 707 255 765; x_wconf 88' lang='lat' dir='ltr'><strong>natos</strong></span> <span class='ocrx_word' id='word_1_15' title='bbox 272 715 350 766; x_wconf 89' lang='lat' dir='ltr'><strong>esse</strong></span> <span class='ocrx_word' id='word_1_16' title='bbox 368 687 734 760; x_wconf 84' lang='lat' dir='ltr'><strong>animadverterunt:</strong></span> <span class='ocrx_word' id='word_1_17' title='bbox 752 698 849 787; x_wconf 92' lang='lat' dir='ltr'><strong>quos</strong></span> <span class='ocrx_word' id='word_1_18' title='bbox 867 691 967 763; x_wconf 93' lang='lat' dir='ltr'><strong>inter</strong></span> <span class='ocrx_word' id='word_1_19' title='bbox 984 718 1033 764; x_wconf 91' lang='lat' dir='ltr'><strong>an</strong></span> <span class='ocrx_word' id='word_1_20' title='bbox 1050 692 1150 767; x_wconf 89' lang='lat' dir='ltr'><strong>bene</strong></span> 
     </span>
     <span class='ocr_line' id='line_1_4' title="bbox 143 804 1148 910; baseline 0.003 -29"><span class='ocrx_word' id='word_1_21' title='bbox 143 809 311 909; x_wconf 87' lang='lat' dir='ltr'><strong>puellam</strong></span> <span class='ocrx_word' id='word_1_22' title='bbox 322 804 487 881; x_wconf 84' lang='lat' dir='ltr'><strong>referant</strong></span> <span class='ocrx_word' id='word_1_23' title='bbox 497 806 725 903; x_wconf 89' lang='lat' dir='ltr'><strong>aStalpartio</strong></span> <span class='ocrx_word' id='word_1_24' title='bbox 734 805 791 904; x_wconf 84' lang='lat'><strong>(1)</strong></span> <span class='ocrx_word' id='word_1_25' title='bbox 801 811 1053 906; x_wconf 86' lang='lat' dir='ltr'>propositam,</span> <span class='ocrx_word' id='word_1_26' title='bbox 1068 813 1148 910; x_wconf 93' lang='lat' dir='ltr'><strong>ipse</strong></span> 
     </span>
     <span class='ocr_line' id='line_1_5' title="bbox 141 922 1151 1024; baseline 0.005 -27"><span class='ocrx_word' id='word_1_27' title='bbox 141 924 351 1021; x_wconf 83' lang='lat' dir='ltr'><strong>judicabis:</strong></span> <span class='ocrx_word' id='word_1_28' title='bbox 369 947 440 1023; x_wconf 84' lang='lat' dir='ltr'><strong>ego</strong></span> <span class='ocrx_word' id='word_1_29' title='bbox 449 937 493 995; x_wconf 93' lang='lat' dir='ltr'><strong>ut</strong></span> <span class='ocrx_word' id='word_1_30' title='bbox 503 923 663 1021; x_wconf 88' lang='lat' dir='ltr'><strong>pessime</strong></span> <span class='ocrx_word' id='word_1_31' title='bbox 676 922 842 996; x_wconf 87' lang='lat' dir='ltr'><strong>distortis</strong></span> <span class='ocrx_word' id='word_1_32' title='bbox 851 924 1012 1024; x_wconf 90' lang='lat' dir='ltr'><strong>pedibus</strong></span> <span class='ocrx_word' id='word_1_33' title='bbox 1023 923 1151 1018; x_wconf 74' lang='lat' dir='ltr'><strong>sitisse,</strong></span> 
     </span>
     <span class='ocr_line' id='line_1_6' title="bbox 145 1041 1150 1140; baseline 0.004 -26"><span class='ocrx_word' id='word_1_34' title='bbox 145 1042 325 1140; x_wconf 81' lang='lat' dir='ltr'><strong>praeclare</strong></span> <span class='ocrx_word' id='word_1_35' title='bbox 332 1041 466 1130; x_wconf 88' lang='lat' dir='ltr'><strong>video;</strong></span> <span class='ocrx_word' id='word_1_36' title='bbox 487 1041 539 1112; x_wconf 89' lang='lat' dir='ltr'><strong>sic</strong></span> <span class='ocrx_word' id='word_1_37' title='bbox 558 1055 762 1127; x_wconf 89' lang='lat' dir='ltr'><strong>tumorem,</strong></span> <span class='ocrx_word' id='word_1_38' title='bbox 781 1066 860 1139; x_wconf 90' lang='lat' dir='ltr'><strong>quo</strong></span> <span class='ocrx_word' id='word_1_39' title='bbox 875 1043 915 1112; x_wconf 93' lang='lat' dir='ltr'><strong>in</strong></span> <span class='ocrx_word' id='word_1_40' title='bbox 934 1043 1074 1117; x_wconf 86' lang='lat' dir='ltr'><strong>lumbis</strong></span> <span class='ocrx_word' id='word_1_41' title='bbox 1086 1045 1150 1118; x_wconf 89' lang='lat' dir='ltr'><strong>de·</strong></span> 
     </span>
     <span class='ocr_line' id='line_1_7' title="bbox 146 1156 1150 1263; baseline 0.002 -32"><span class='ocrx_word' id='word_1_42' title='bbox 146 1158 403 1245; x_wconf 83' lang='lat' dir='ltr'><strong>formabatur,</strong></span> <span class='ocrx_word' id='word_1_43' title='bbox 424 1156 472 1229; x_wconf 90' lang='lat' dir='ltr'><strong>ad</strong></span> <span class='ocrx_word' id='word_1_44' title='bbox 490 1182 556 1230; x_wconf 90' lang='lat' dir='ltr'><strong>eos</strong></span> <span class='ocrx_word' id='word_1_45' title='bbox 567 1159 760 1231; x_wconf 85' lang='lat' dir='ltr'><strong>attinuisse</strong></span> <span class='ocrx_word' id='word_1_46' title='bbox 774 1156 821 1231; x_wconf 89' lang='lat' dir='ltr'><strong>de</strong></span> <span class='ocrx_word' id='word_1_47' title='bbox 838 1158 978 1258; x_wconf 91' lang='lat' dir='ltr'><strong>quibus</strong></span> <span class='ocrx_word' id='word_1_48' title='bbox 992 1159 1055 1233; x_wconf 91' lang='lat' dir='ltr'><strong>hic</strong></span> <span class='ocrx_word' id='word_1_49' title='bbox 1072 1165 1150 1263; x_wconf 83' lang='lat' dir='ltr'><strong>agi-</strong></span> 
     </span>
     <span class='ocr_line' id='line_1_8' title="bbox 147 1271 1008 1364; baseline -0.01 -15"><span class='ocrx_word' id='word_1_50' title='bbox 147 1288 259 1364; x_wconf 87' lang='lat' dir='ltr'><strong>mus&#39;;</strong></span> <span class='ocrx_word' id='word_1_51' title='bbox 279 1300 358 1346; x_wconf 90' lang='lat' dir='ltr'><strong>non</strong></span> <span class='ocrx_word' id='word_1_52' title='bbox 376 1275 463 1345; x_wconf 91' lang='lat' dir='ltr'><strong>satis</strong></span> <span class='ocrx_word' id='word_1_53' title='bbox 481 1271 603 1343; x_wconf 82' lang='lat' dir='ltr'><strong>video.</strong></span> <span class='ocrx_word' id='word_1_54' title='bbox 1006 1345 1008 1349; x_wconf 58' lang='grc'>,</span> 
     </span>
    </p>

    <p class='ocr_par' dir='ltr' id='par_1_4' title="bbox 145 1388 1250 3723">
     <span class='ocr_line' id='line_1_9' title="bbox 199 1388 1151 1495; baseline 0.002 -29"><span class='ocrx_word' id='word_1_55' title='bbox 199 1393 272 1466; x_wconf 87' lang='lat' dir='ltr'><strong>Sed</strong></span> <span class='ocrx_word' id='word_1_56' title='bbox 291 1391 339 1463; x_wconf 91' lang='lat' dir='ltr'><strong>ad</strong></span> <span class='ocrx_word' id='word_1_57' title='bbox 355 1413 516 1490; x_wconf 89' lang='lat' dir='ltr'><strong>puerum</strong></span> <span class='ocrx_word' id='word_1_58' title='bbox 529 1402 702 1460; x_wconf 91' lang='lat' dir='ltr'><strong>nostrum</strong></span> <span class='ocrx_word' id='word_1_59' title='bbox 715 1403 757 1459; x_wconf 92' lang='lat' dir='ltr'><strong>ut</strong></span> <span class='ocrx_word' id='word_1_60' title='bbox 770 1388 939 1480; x_wconf 82' lang='lat' dir='ltr'><strong>redeam3</strong></span> <span class='ocrx_word' id='word_1_61' title='bbox 957 1417 1036 1466; x_wconf 88' lang='lat' dir='ltr'><strong>non</strong></span> <span class='ocrx_word' id='word_1_62' title='bbox 1050 1395 1151 1495; x_wconf 84' lang='lat' dir='ltr'><strong>igna-</strong></span> 
     </span>
     <span class='ocr_line' id='line_1_10' title="bbox 147 1504 1177 1605; baseline 0.002 -22"><span class='ocrx_word' id='word_1_63' title='bbox 147 1534 215 1583; x_wconf 88' lang='lat' dir='ltr'><strong>rus</strong></span> <span class='ocrx_word' id='word_1_64' title='bbox 229 1510 361 1582; x_wconf 86' lang='lat' dir='ltr'><strong>alienae</strong></span> <span class='ocrx_word' id='word_1_65' title='bbox 373 1508 503 1605; x_wconf 86' lang='lat' dir='ltr'><strong>saepius</strong></span> <span class='ocrx_word' id='word_1_66' title='bbox 515 1507 638 1577; x_wconf 79' lang='lat' dir='ltr'><strong>nimiae</strong></span> <span class='ocrx_word' id='word_1_67' title='bbox 650 1504 896 1598; x_wconf 83' lang='lat' dir='ltr'><strong>credulitatis,</strong></span> <span class='ocrx_word' id='word_1_68' title='bbox 911 1535 955 1582; x_wconf 86' lang='lat' dir='ltr'><strong>ex</strong></span> <span class='ocrx_word' id='word_1_69' title='bbox 967 1528 1086 1584; x_wconf 90' lang='lat' dir='ltr'><strong>matre</strong></span> <span class='ocrx_word' id='word_1_70' title='bbox 1095 1528 1151 1586; x_wconf 91' lang='lat' dir='ltr'><strong>ta·</strong></span> <span class='ocrx_word' id='word_1_71' title='bbox 1171 1557 1177 1567; x_wconf 85' lang='lat'><strong>·</strong></span> 
     </span>
     <span class='ocr_line' id='line_1_11' title="bbox 148 1620 1150 1728; baseline 0.004 -29"><span class='ocrx_word' id='word_1_72' title='bbox 148 1651 240 1699; x_wconf 89' lang='lat' dir='ltr'><strong>men</strong></span> <span class='ocrx_word' id='word_1_73' title='bbox 251 1625 414 1723; x_wconf 82' lang='lat' dir='ltr'><strong>quaesiv&#39;i,</strong></span> <span class='ocrx_word' id='word_1_74' title='bbox 423 1637 528 1695; x_wconf 82' lang='lat' dir='ltr'><strong>aetate</strong></span> <span class='ocrx_word' id='word_1_75' title='bbox 537 1620 707 1708; x_wconf 89' lang='lat' dir='ltr'><strong>florente,</strong></span> <span class='ocrx_word' id='word_1_76' title='bbox 716 1644 788 1694; x_wconf 91' lang='lat' dir='ltr'><strong>nec</strong></span> <span class='ocrx_word' id='word_1_77' title='bbox 799 1625 925 1699; x_wconf 91' lang='lat' dir='ltr'><strong>minus</strong></span> <span class='ocrx_word' id='word_1_78' title='bbox 935 1650 1023 1700; x_wconf 87' lang='lat' dir='ltr'><strong>sana</strong></span> <span class='ocrx_word' id='word_1_79' title='bbox 1035 1656 1150 1728; x_wconf 85' lang='lat' dir='ltr'><strong>quam</strong></span> 
     </span>
     <span class='ocr_line' id='line_1_12' title="bbox 147 1740 1150 1839; baseline 0.004 -23"><span class='ocrx_word' id='word_1_80' title='bbox 147 1744 326 1832; x_wconf 87' lang='lat' dir='ltr'><strong>maritus,</strong></span> <span class='ocrx_word' id='word_1_81' title='bbox 351 1765 445 1813; x_wconf 90' lang='lat' dir='ltr'><strong>num</strong></span> <span class='ocrx_word' id='word_1_82' title='bbox 468 1740 761 1839; x_wconf 87' lang='lat' dir='ltr'><strong>primogenitum</strong></span> <span class='ocrx_word' id='word_1_83' title='bbox 782 1740 884 1813; x_wconf 91' lang='lat' dir='ltr'><strong>hunc</strong></span> <span class='ocrx_word' id='word_1_84' title='bbox 908 1745 1018 1818; x_wconf 86' lang='lat' dir='ltr'><strong>suum</strong></span> <span class='ocrx_word' id='word_1_85' title='bbox 1041 1763 1150 1820; x_wconf 92' lang='lat' dir='ltr'><strong>utero</strong></span> 
     </span>
     <span class='ocr_line' id='line_1_13' title="bbox 150 1854 1250 1960; baseline 0.006 -28"><span class='ocrx_word' id='word_1_86' title='bbox 150 1886 303 1960; x_wconf 83' lang='lat' dir='ltr'><strong>gerens,</strong></span> <span class='ocrx_word' id='word_1_87' title='bbox 319 1861 359 1932; x_wconf 88' lang='lat' dir='ltr'><strong>in</strong></span> <span class='ocrx_word' id='word_1_88' title='bbox 374 1859 529 1932; x_wconf 90' lang='lat' dir='ltr'><strong>dorsum</strong></span> <span class='ocrx_word' id='word_1_89' title='bbox 551 1854 765 1945; x_wconf 87' lang='lat' dir='ltr'><strong>cecidisset,</strong></span> <span class='ocrx_word' id='word_1_90' title='bbox 780 1873 844 1930; x_wconf 90' lang='lat' dir='ltr'><strong>aut</strong></span> <span class='ocrx_word' id='word_1_91' title='bbox 856 1884 1028 1956; x_wconf 85' lang='lat' dir='ltr'><strong>percussa</strong></span> <span class='ocrx_word' id='word_1_92' title='bbox 1044 1881 1152 1957; x_wconf 90' lang='lat' dir='ltr'><strong>esset,</strong></span> <span class='ocrx_word' id='word_1_93' title='bbox 1246 1923 1250 1930; x_wconf 84' lang='lat'>.</span> 
     </span>
     <span class='ocr_line' id='line_1_14' title="bbox 146 1973 1151 2077; baseline 0.001 -25"><span class='ocrx_word' id='word_1_94' title='bbox 146 1980 215 2052; x_wconf 85' lang='lat' dir='ltr'><strong>aut</strong></span> <span class='ocrx_word' id='word_1_95' title='bbox 233 1977 441 2077; x_wconf 75' lang='lat' dir='ltr'><strong>quidquam</strong></span> <span class='ocrx_word' id='word_1_96' title='bbox 458 1973 684 2062; x_wconf 84' lang='lat' dir='ltr'><strong>horruisset,</strong></span> <span class='ocrx_word' id='word_1_97' title='bbox 702 1973 946 2063; x_wconf 89' lang='lat' dir='ltr'><strong>timuissetve,</strong></span> <span class='ocrx_word' id='word_1_98' title='bbox 962 1993 1027 2050; x_wconf 90' lang='lat' dir='ltr'><strong>aut</strong></span> <span class='ocrx_word' id='word_1_99' title='bbox 1043 1978 1151 2053; x_wconf 91' lang='lat' dir='ltr'><strong>deni·</strong></span> 
     </span>
     <span class='ocr_line' id='line_1_15' title="bbox 145 2092 1149 2194; baseline -0.001 -25"><span class='ocrx_word' id='word_1_100' title='bbox 145 2120 223 2194; x_wconf 91' lang='lat' dir='ltr'><strong>que</strong></span> <span class='ocrx_word' id='word_1_101' title='bbox 241 2092 414 2192; x_wconf 89' lang='lat' dir='ltr'><strong>cupidius</strong></span> <span class='ocrx_word' id='word_1_102' title='bbox 432 2104 618 2189; x_wconf 89' lang='lat' dir='ltr'><strong>optasset:</strong></span> <span class='ocrx_word' id='word_1_103' title='bbox 642 2115 724 2188; x_wconf 76' lang='lat' dir='ltr'><strong>quae</strong></span> <span class='ocrx_word' id='word_1_104' title='bbox 743 2092 869 2165; x_wconf 90' lang='lat' dir='ltr'><strong>omnia</strong></span> <span class='ocrx_word' id='word_1_105' title='bbox 888 2105 979 2166; x_wconf 90' lang='lat' dir='ltr'><strong>tunc</strong></span> <span class='ocrx_word' id='word_1_106' title='bbox 994 2096 1149 2193; x_wconf 88' lang='lat' dir='ltr'><strong>quidem</strong></span> 
     </span>
     <span class='ocr_line' id='line_1_16' title="bbox 147 2210 1151 2309; baseline 0.002 -24"><span class='ocrx_word' id='word_1_107' title='bbox 147 2212 286 2286; x_wconf 87' lang='lat' dir='ltr'><strong>diserte</strong></span> <span class='ocrx_word' id='word_1_108' title='bbox 297 2210 463 2309; x_wconf 78' lang='lat' dir='ltr'><strong>negavit3</strong></span> <span class='ocrx_word' id='word_1_109' title='bbox 473 2223 844 2309; x_wconf 90' lang='lat' dir='ltr'><strong>quanquampostea,</strong></span> <span class='ocrx_word' id='word_1_110' title='bbox 860 2225 903 2282; x_wconf 91' lang='lat' dir='ltr'><strong>ut</strong></span> <span class='ocrx_word' id='word_1_111' title='bbox 920 2212 1151 2287; x_wconf 87' lang='lat' dir='ltr'><strong>mulierculis</strong></span> 
     </span>
     <span class='ocr_line' id='line_1_17' title="bbox 149 2324 1150 2426; baseline 0.001 -24"><span class='ocrx_word' id='word_1_112' title='bbox 149 2324 263 2420; x_wconf 85' lang='lat' dir='ltr'><strong>solet,</strong></span> <span class='ocrx_word' id='word_1_113' title='bbox 279 2331 320 2400; x_wconf 91' lang='lat' dir='ltr'><strong>in</strong></span> <span class='ocrx_word' id='word_1_114' title='bbox 337 2342 503 2400; x_wconf 84' lang='lat' dir='ltr'><strong>mentem</strong></span> <span class='ocrx_word' id='word_1_115' title='bbox 514 2328 623 2422; x_wconf 68' lang='lat' dir='ltr'><strong>uenit</strong></span> <span class='ocrx_word' id='word_1_116' title='bbox 638 2324 754 2409; x_wconf 83' lang='lat' dir='ltr'><strong>ficum</strong></span> <span class='ocrx_word' id='word_1_117' title='bbox 772 2332 1016 2426; x_wconf 89' lang='lat' dir='ltr'><strong>concupiisse.</strong></span> <span class='ocrx_word' id='word_1_118' title='bbox 1038 2335 1150 2403; x_wconf 87' lang='lat' dir='ltr'><strong>Caete·</strong></span> 
     </span>
     <span class='ocr_line' id='line_1_18' title="bbox 150 2441 1150 2545; baseline 0 -26"><span class='ocrx_word' id='word_1_119' title='bbox 150 2470 238 2520; x_wconf 84' lang='lat' dir='ltr'><strong>rum</strong></span> <span class='ocrx_word' id='word_1_120' title='bbox 262 2446 366 2545; x_wconf 90' lang='lat' dir='ltr'><strong>quod</strong></span> <span class='ocrx_word' id='word_1_121' title='bbox 384 2444 433 2516; x_wconf 93' lang='lat' dir='ltr'><strong>ad</strong></span> <span class='ocrx_word' id='word_1_122' title='bbox 457 2443 656 2517; x_wconf 90' lang='lat' dir='ltr'><strong>consilium</strong></span> <span class='ocrx_word' id='word_1_123' title='bbox 676 2441 870 2531; x_wconf 87' lang='lat' dir='ltr'><strong>attinebat,</strong></span> <span class='ocrx_word' id='word_1_124' title='bbox 893 2469 978 2516; x_wconf 91' lang='lat' dir='ltr'><strong>cum</strong></span> <span class='ocrx_word' id='word_1_125' title='bbox 999 2449 1150 2544; x_wconf 86' lang='lat' dir='ltr'><strong>praecise</strong></span> 
     </span>
     <span class='ocr_line' id='line_1_19' title="bbox 150 2560 1151 2665; baseline -0.002 -27"><span class='ocrx_word' id='word_1_126' title='bbox 150 2586 366 2665; x_wconf 83' lang='lat' dir='ltr'><strong>negassem,</strong></span> <span class='ocrx_word' id='word_1_127' title='bbox 381 2585 467 2634; x_wconf 91' lang='lat' dir='ltr'><strong>eum</strong></span> <span class='ocrx_word' id='word_1_128' title='bbox 479 2560 634 2658; x_wconf 86' lang='lat' dir='ltr'><strong>quidem</strong></span> <span class='ocrx_word' id='word_1_129' title='bbox 652 2585 813 2659; x_wconf 87' lang='lat' dir='ltr'><strong>puerum</strong></span> <span class='ocrx_word' id='word_1_130' title='bbox 827 2563 949 2634; x_wconf 89' lang='lat' dir='ltr'><strong>sanari</strong></span> <span class='ocrx_word' id='word_1_131' title='bbox 965 2586 1075 2660; x_wconf 91' lang='lat' dir='ltr'><strong>posse</strong></span> <span class='ocrx_word' id='word_1_132' title='bbox 1085 2590 1096 2653; x_wconf 89' lang='lat'>;</span> <span class='ocrx_word' id='word_1_133' title='bbox 1108 2565 1151 2636; x_wconf 92' lang='lat' dir='ltr'><strong>il·</strong></span> 
     </span>
     <span class='ocr_line' id='line_1_20' title="bbox 151 2679 1151 2778; baseline -0.004 -22"><span class='ocrx_word' id='word_1_134' title='bbox 151 2682 220 2756; x_wconf 93' lang='lat' dir='ltr'><strong>lud</strong></span> <span class='ocrx_word' id='word_1_135' title='bbox 232 2683 343 2754; x_wconf 90' lang='lat' dir='ltr'><strong>etiam</strong></span> <span class='ocrx_word' id='word_1_136' title='bbox 354 2694 467 2778; x_wconf 87' lang='lat' dir='ltr'><strong>atque</strong></span> <span class='ocrx_word' id='word_1_137' title='bbox 477 2680 588 2752; x_wconf 89' lang='lat' dir='ltr'><strong>etiam</strong></span> <span class='ocrx_word' id='word_1_138' title='bbox 598 2679 798 2768; x_wconf 85' lang='lat' dir='ltr'><strong>inculcavi,</strong></span> <span class='ocrx_word' id='word_1_139' title='bbox 811 2682 996 2769; x_wconf 85' lang='lat' dir='ltr'><strong>caverent,</strong></span> <span class='ocrx_word' id='word_1_140' title='bbox 1009 2705 1056 2752; x_wconf 92' lang='lat' dir='ltr'><strong>ne</strong></span> <span class='ocrx_word' id='word_1_141' title='bbox 1067 2682 1151 2778; x_wconf 90' lang='lat' dir='ltr'><strong>quis</strong></span> 
     </span>
     <span class='ocr_line' id='line_1_21' title="bbox 149 2797 1152 2896; baseline -0.005 -23"><span class='ocrx_word' id='word_1_142' title='bbox 149 2814 339 2873; x_wconf 88' lang='lat' dir='ltr'><strong>tumorem</strong></span> <span class='ocrx_word' id='word_1_143' title='bbox 353 2797 556 2884; x_wconf 90' lang='lat' dir='ltr'><strong>incideret;</strong></span> <span class='ocrx_word' id='word_1_144' title='bbox 572 2812 677 2869; x_wconf 89' lang='lat' dir='ltr'><strong>tanto</strong></span> <span class='ocrx_word' id='word_1_145' title='bbox 690 2798 790 2869; x_wconf 90' lang='lat' dir='ltr'><strong>enim</strong></span> <span class='ocrx_word' id='word_1_146' title='bbox 805 2799 914 2869; x_wconf 92' lang='lat' dir='ltr'><strong>citius</strong></span> <span class='ocrx_word' id='word_1_147' title='bbox 925 2822 1086 2896; x_wconf 91' lang='lat' dir='ltr'><strong>puerum</strong></span> <span class='ocrx_word' id='word_1_148' title='bbox 1099 2799 1152 2868; x_wconf 91' lang='lat' dir='ltr'><strong>in·</strong></span> 
     </span>
     <span class='ocr_line' id='line_1_22' title="bbox 152 2914 1171 3014; baseline -0.005 -22"><span class='ocrx_word' id='word_1_149' title='bbox 152 2920 365 2993; x_wconf 77' lang='lat' dir='ltr'><strong>teritorum.</strong></span> <span class='ocrx_word' id='word_1_150' title='bbox 379 2921 494 2988; x_wconf 87' lang='lat' dir='ltr'><strong>Erant</strong></span> <span class='ocrx_word' id='word_1_151' title='bbox 511 2917 686 2989; x_wconf 89' lang='lat' dir='ltr'><strong>homines</strong></span> <span class='ocrx_word' id='word_1_152' title='bbox 701 2915 887 3014; x_wconf 84' lang='lat' dir='ltr'><strong>agricolae,</strong></span> <span class='ocrx_word' id='word_1_153' title='bbox 906 2914 1149 3012; x_wconf 89' lang='lat' dir='ltr'><strong>quemadmo·</strong></span> <span class='ocrx_word' id='word_1_154' title='bbox 1169 2964 1171 2969; x_wconf 83' lang='lat'><em>·</em></span> 
     </span>
     <span class='ocr_line' id='line_1_23' title="bbox 154 3031 1167 3134; baseline 0.002 -25"><span class='ocrx_word' id='word_1_155' title='bbox 154 3038 301 3110; x_wconf 89' lang='lat' dir='ltr'><strong>dumet</strong></span> <span class='ocrx_word' id='word_1_156' title='bbox 322 3049 497 3134; x_wconf 85' lang='lat' dir='ltr'><strong>parentes</strong></span> <span class='ocrx_word' id='word_1_157' title='bbox 520 3034 619 3107; x_wconf 93' lang='lat' dir='ltr'><strong>illius</strong></span> <span class='ocrx_word' id='word_1_158' title='bbox 643 3031 795 3106; x_wconf 86' lang='lat' dir='ltr'><strong>infantis</strong></span> <span class='ocrx_word' id='word_1_159' title='bbox 822 3058 936 3132; x_wconf 88' lang='lat' dir='ltr'><strong>quem</strong></span> <span class='ocrx_word' id='word_1_160' title='bbox 959 3058 1071 3132; x_wconf 87' lang='lat' dir='ltr'><strong>supra</strong></span> <span class='ocrx_word' id='word_1_161' title='bbox 1094 3033 1167 3132; x_wconf 76' lang='lat' dir='ltr'><strong>(a)</strong></span> 
     </span>
     <span class='ocr_line' id='line_1_24' title="bbox 154 3144 1150 3249; baseline -0.005 -22"><span class='ocrx_word' id='word_1_162' title='bbox 154 3144 462 3240; x_wconf 80' lang='lat' dir='ltr'><strong>commemoravi,</strong></span> <span class='ocrx_word' id='word_1_163' title='bbox 484 3152 544 3222; x_wconf 91' lang='lat' dir='ltr'><strong>cui</strong></span> <span class='ocrx_word' id='word_1_164' title='bbox 563 3168 691 3224; x_wconf 91' lang='lat' dir='ltr'><strong>tumor</strong></span> <span class='ocrx_word' id='word_1_165' title='bbox 709 3151 877 3249; x_wconf 89' lang='lat' dir='ltr'><strong>ejusdem</strong></span> <span class='ocrx_word' id='word_1_166' title='bbox 901 3166 1042 3223; x_wconf 84' lang='lat' dir='ltr'><strong>naturae</strong></span> <span class='ocrx_word' id='word_1_167' title='bbox 1065 3176 1150 3223; x_wconf 92' lang='lat' dir='ltr'><strong>cum</strong></span> 
     </span>
     <span class='ocr_line' id='line_1_25' title="bbox 154 3270 1151 3369; baseline -0.005 -25"><span class='ocrx_word' id='word_1_168' title='bbox 154 3271 273 3344; x_wconf 90' lang='lat' dir='ltr'><strong>cranii</strong></span> <span class='ocrx_word' id='word_1_169' title='bbox 288 3271 405 3369; x_wconf 82' lang='lat' dir='ltr'><strong>magis</strong></span> <span class='ocrx_word' id='word_1_170' title='bbox 414 3294 528 3369; x_wconf 92' lang='lat' dir='ltr'><strong>quam</strong></span> <span class='ocrx_word' id='word_1_171' title='bbox 547 3293 634 3342; x_wconf 90' lang='lat' dir='ltr'><strong>cum</strong></span> <span class='ocrx_word' id='word_1_172' title='bbox 656 3272 769 3369; x_wconf 75' lang='lat' dir='ltr'><strong>spinae</strong></span> <span class='ocrx_word' id='word_1_173' title='bbox 786 3294 877 3342; x_wconf 86' lang='lat' dir='ltr'><strong>cavo</strong></span> <span class='ocrx_word' id='word_1_174' title='bbox 898 3270 1151 3342; x_wconf 85' lang='lat' dir='ltr'><strong>communica·</strong></span> 
     </span>
     <span class='ocr_line' id='line_1_26' title="bbox 151 3387 1241 3488; baseline -0.006 -27"><span class='ocrx_word' id='word_1_175' title='bbox 151 3388 229 3461; x_wconf 88' lang='lat' dir='ltr'><strong>bat.</strong></span> <span class='ocrx_word' id='word_1_176' title='bbox 253 3387 326 3461; x_wconf 87' lang='lat' dir='ltr'><strong>Sed</strong></span> <span class='ocrx_word' id='word_1_177' title='bbox 348 3387 403 3459; x_wconf 93' lang='lat' dir='ltr'><strong>illi</strong></span> <span class='ocrx_word' id='word_1_178' title='bbox 431 3388 695 3487; x_wconf 89' lang='lat' dir='ltr'><strong>sapientiores,</strong></span> <span class='ocrx_word' id='word_1_179' title='bbox 718 3390 784 3488; x_wconf 92' lang='lat' dir='ltr'><strong>qui</strong></span> <span class='ocrx_word' id='word_1_180' title='bbox 809 3388 1018 3488; x_wconf 89' lang='lat' dir='ltr'><strong>periculum</strong></span> <span class='ocrx_word' id='word_1_181' title='bbox 1046 3410 1067 3456; x_wconf 87' lang='lat' dir='ltr'><strong>a</strong></span> <span class='ocrx_word' id='word_1_182' title='bbox 1090 3399 1174 3456; x_wconf 75' lang='lat' dir='ltr'><strong>me·</strong></span> <span class='ocrx_word' id='word_1_183' title='bbox 1238 3444 1241 3449; x_wconf 67' lang='grc'>,</span> 
     </span>
     <span class='ocr_line' id='line_1_27' title="bbox 154 3504 1152 3605; baseline -0.003 -28"><span class='ocrx_word' id='word_1_184' title='bbox 154 3504 375 3603; x_wconf 74' lang='lat' dir='ltr'><strong>praedictum</strong></span> <span class='ocrx_word' id='word_1_185' title='bbox 393 3521 582 3595; x_wconf 81' lang='lat' dir='ltr'><strong>verentes,</strong></span> <span class='ocrx_word' id='word_1_186' title='bbox 601 3506 789 3605; x_wconf 84' lang='lat' dir='ltr'><strong>chirurgis</strong></span> <span class='ocrx_word' id='word_1_187' title='bbox 806 3505 929 3578; x_wconf 85' lang='lat' dir='ltr'><strong>valere</strong></span> <span class='ocrx_word' id='word_1_188' title='bbox 945 3505 1077 3602; x_wconf 70' lang='lat' dir='ltr'><strong>jussis,</strong></span> <span class='ocrx_word' id='word_1_189' title='bbox 1096 3504 1152 3574; x_wconf 83' lang='lat' dir='ltr'><strong>in·</strong></span> 
     </span>
     <span class='ocr_line' id='line_1_28' title="bbox 154 3615 1152 3723; baseline -0.002 -30"><span class='ocrx_word' id='word_1_190' title='bbox 154 3620 294 3696; x_wconf 82' lang='lat' dir='ltr'><strong>fantem</strong></span> <span class='ocrx_word' id='word_1_191' title='bbox 318 3615 475 3695; x_wconf 81' lang='lat' dir='ltr'><strong>dor&#39;num</strong></span> <span class='ocrx_word' id='word_1_192' title='bbox 496 3623 707 3696; x_wconf 90' lang='lat' dir='ltr'><strong>retulerunt</strong></span> <span class='ocrx_word' id='word_1_193' title='bbox 729 3623 856 3723; x_wconf 91' lang='lat' dir='ltr'><strong>quoad</strong></span> <span class='ocrx_word' id='word_1_194' title='bbox 879 3627 980 3695; x_wconf 91' lang='lat' dir='ltr'><strong>Deus</strong></span> <span class='ocrx_word' id='word_1_195' title='bbox 993 3622 1152 3708; x_wconf 76' lang='lat' dir='ltr'><strong>sineret,</strong></span> 
     </span>
    </p>
   </div>
   <div class='ocr_carea' id='block_1_4' title="bbox 194 3913 774 4092">
    <p class='ocr_par' dir='ltr' id='par_1_5' title="bbox 194 3913 774 4092">
     <span class='ocr_line' id='line_1_29' title="bbox 194 3913 774 3992; baseline 0.003 -21"><span class='ocrx_word' id='word_1_196' title='bbox 194 3913 239 3992; x_wconf 83' lang='grc' dir='ltr'><strong>(ι)</strong></span> <span class='ocrx_word' id='word_1_197' title='bbox 259 3920 337 3973; x_wconf 84' lang='lat' dir='ltr'><strong>Part.</strong></span> <span class='ocrx_word' id='word_1_198' title='bbox 356 3937 388 3991; x_wconf 88' lang='lat'><strong>1,</strong></span> <span class='ocrx_word' id='word_1_199' title='bbox 403 3920 488 3976; x_wconf 87' lang='lat' dir='ltr'><strong>Ceut.</strong></span> <span class='ocrx_word' id='word_1_200' title='bbox 503 3937 539 3989; x_wconf 77' lang='lat' dir='ltr'><strong>a,</strong></span> <span class='ocrx_word' id='word_1_201' title='bbox 556 3918 628 3975; x_wconf 81' lang='lat' dir='ltr'><strong>obs.</strong></span> <span class='ocrx_word' id='word_1_202' title='bbox 642 3920 708 3975; x_wconf 85' lang='lat' dir='ltr'><strong>Rar.</strong></span> <span class='ocrx_word' id='word_1_203' title='bbox 726 3920 774 3987; x_wconf 74' lang='grc'><strong>34.</strong></span> 
     </span>
     <span class='ocr_line' id='line_1_30' title="bbox 194 4012 360 4092; baseline 0.012 -22"><span class='ocrx_word' id='word_1_204' title='bbox 194 4012 241 4092; x_wconf 81' lang='lat' dir='ltr'><strong>(a)</strong></span> <span class='ocrx_word' id='word_1_205' title='bbox 261 4018 299 4074; x_wconf 88' lang='lat' dir='ltr'><strong>N.</strong></span> <span class='ocrx_word' id='word_1_206' title='bbox 314 4037 360 4074; x_wconf 86' lang='grc' dir='ltr'><strong>ιο.</strong></span> 
     </span>
    </p>
   </div>
   <div class='ocr_carea' id='block_1_5' title="bbox 32 4139 263 4195">
    <p class='ocr_par' dir='ltr' id='par_1_6' title="bbox 32 4139 263 4195">
     <span class='ocr_line' id='line_1_31' title="bbox 32 4139 263 4195; baseline 0.004 -11"><span class='ocrx_word' id='word_1_207' title='bbox 32 4139 263 4195; x_wconf 55' lang='grc' dir='ltr'><strong>·,ι.</strong></span> 
     </span>
    </p>
   </div>
   <div class='ocr_carea' id='block_1_6' title="bbox 0 0 1410 4668">
    <p class='ocr_par' dir='ltr' id='par_1_7' title="bbox 0 0 1410 4668">
     <span class='ocr_line' id='line_1_32' title="bbox 0 0 1410 4668; baseline 0 0"><span class='ocrx_word' id='word_1_208' title='bbox 0 0 1410 4668; x_wconf 95' lang='lat' dir='ltr'><strong> </strong></span> 
     </span>
    </p>
   </div>
  </div>
 </body>
</html>
