2774 4670
210 477 277 528 ω.
306 477 889 550 tansnonsiscarrris,nr1sr.
917 484 966 532 1x.
1021 461 1090 534 505

82 595 239 665 cristam
255 596 340 694 galli
358 597 559 668 anatomici
575 613 731 687 vocant,
748 599 947 670 cerebrum
967 600 1092 698 ipsum
1175 683 1177 686 Α

80 710 228 784 durum
239 724 351 812 atque
362 713 565 804 callosum,
582 716 865 813 arctissimeque
880 733 1095 811 connexum

80 853 178 900 wcurn
195 830 291 902 dura
308 832 485 930 meninge
500 831 781 930 deprehensum
794 831 872 904 fuit.
926 836 944 912 ᾗ,

137 948 196 1020 26.
216 949 427 1021 Verisimile
449 965 504 1021 est
527 950 678 1048 spiritus
701 950 879 1021 animales
903 952 943 1021 in
958 953 1097 1023 tumul-

82 1065 232 1151 tuarios
257 1082 385 1138 motus
400 1063 542 1138 reflecti
565 1067 879 1165 quotiescumque
897 1068 1025 1167 aliqua
1048 1070 1096 1141 de

84 1206 201 1253 causa
219 1183 386 1262 velocius
396 1185 487 1272 acti,
502 1182 548 1255 ad
561 1200 662 1256 certa
679 1186 849 1283 quaedam
869 1185 952 1257 loca
965 1211 1098 1284 perve-

83 1302 220 1372 nerint
238 1302 386 1373 cerebri
404 1301 455 1372 ob
475 1301 652 1379 callosam
678 1302 877 1393 duritiem,
894 1320 957 1375 aut
971 1304 1021 1375 ob
1039 1306 1098 1374 in-

88 1420 318 1515 terpositum
335 1434 527 1518 apostema
552 1445 709 1519 prorsus
739 1422 951 1519 impervia:
977 1447 1099 1519 quan-

84 1560 206 1632 quam
225 1551 261 1608 et
273 1552 464 1635 apostema
481 1536 631 1609 videtur
642 1562 758 1635 posse
779 1538 923 1635 aliquid
940 1565 985 1611 ex
999 1541 1097 1618 sein

82 1653 265 1723 viciniam
282 1653 507 1742 emittend0,
528 1654 657 1726 turbas
675 1656 783 1727 ciere.
799 1658 850 1725 Ut
869 1670 911 1725 ut
931 1670 1006 1744 est,
1027 1657 1059 1727 si
1078 1680 1099 1725 a

83 1764 238 1842 cerebri
254 1770 412 1859 duritie,
430 1772 460 1843 si
476 1769 523 1840 ab
538 1786 789 1869 apostemate,
804 1773 834 1844 si
852 1773 899 1844 ab
919 1774 976 1844 sui
992 1799 1100 1871 gene·

82 1888 141 1959 ris
152 1887 348 1976 abscessu,
366 1889 396 1959 si
411 1912 432 1958 a
448 1912 624 1959 vasorum
640 1889 888 1978 distentione,
900 1891 931 1961 si
941 1888 988 1960 ab
1001 1914 1099 1987 aqua

22 2032 26 2037 ·
83 2020 156 2077 aut
174 2006 311 2093 multa,
333 2021 398 2077 aut
417 2029 557 2104 pauca,
575 2021 640 2077 aut
658 2005 771 2097 flava,
789 1990 852 2078 aut
873 2006 1053 2106 limpida,
1070 2011 1103 2080 si

82 2122 138 2197 ab
163 2122 243 2195 aliis
262 2137 441 2222 praterea
465 2125 586 2197 causis
608 2124 828 2222 epilepsiam
849 2123 954 2212 fieri,
972 2139 1051 2213 aut,
1070 2128 1101 2196 si

86 2228 231 2311 harum
245 2240 388 2338 aliquas
397 2264 469 2338 pro
482 2238 676 2313 effectibus
690 2241 833 2316 habere
842 2244 978 2331 mavis,
994 2258 1031 2314 at
1046 2241 1100 2314 fo-

88 2358 174 2429 veri
187 2357 339 2445 saltem,
353 2359 511 2448 servari,
522 2360 650 2456 augeri
662 2384 792 2457 posse,
809 2385 888 2430 non
899 2385 1032 2458 negas3
1047 2362 1101 2431 vi·

82 2475 158 2547 des
174 2473 366 2574 profect0,
385 2494 498 2573 quam
512 2473 675 2548 difficilis
695 2479 742 2549 sit
758 2476 968 2575 aliquando
985 2479 1100 2576 ipsius

86 2595 257 2682 curatio,
275 2608 386 2691 atque
407 2593 502 2677 adeo
519 2609 561 2664 ut
577 2595 676 2666 vires
691 2595 780 2665 artis
791 2593 956 2665 excedat.
978 2606 980 2611 ’

138 2709 254 2784 Vides
273 2710 403 2801 simul,
422 2736 509 2783 cum
528 2709 694 2783 hasnon
714 2712 879 2801 excedit,
900 2737 1014 2815 quam
1036 2739 1100 2786 va-

86 2831 148 2901 ria'
167 2831 309 2900 curatio
336 2853 416 2903 esse
444 2828 599 2917 debeat,
621 2843 710 2899 tunc
731 2853 885 2926 quoque
907 2853 992 2900 cuin
1028 2833 1102 2927 epi-

87 2948 217 3045 lepsiae
233 2971 342 3019 causa
359 2948 457 3017 intra
475 2948 646 3021 cranium
672 2961 751 3045 est,
770 2972 849 3017 non
872 2947 987 3018 modo
1012 2972 1099 3019 eum
1121 3022 1122 3027 ,

88 3079 198 3136 extra
226 3066 371 3162 ipsum,
400 3064 508 3160 cujus
537 3065 649 3136 etiam
679 3064 886 3163 epilepsia,
916 3066 1100 3164 variaeque

88 3182 176 3277 ejus
188 3184 393 3254 curationis
407 3182 550 3279 aliquot
561 3206 673 3281 supra
684 3182 853 3280 exempla
862 3183 1098 3281 protulimus.
1201 3166 1203 3171 ι

90 3297 351 3388 Quamobrem
378 3323 657 3396 nonnunquam
680 3300 888 3397 immerit0‚
907 3325 1003 3399 saepe
1021 3326 1099 3372 me-

91 3416 169 3485 rito
187 3430 410 3486 accusantur
426 3415 581 3505 medici,
600 3416 702 3513 iique
718 3418 923 3514 praesertim
941 3420 1008 3515 qui
1026 3443 1101 3490 una

94 3557 229 3604 omnes
250 3520 447 3630 epilepsias
464 3533 610 3604 ratione
625 3558 667 3604 ac
682 3532 798 3603 modo
819 3533 1099 3632 aggrediuntur.

92 3654 239 3722 Verum
255 3648 334 3720 haec
346 3675 416 3748 per
429 3650 522 3721 alios
537 3675 691 3747 quoque
707 3650 863 3723 morbos
884 3651 956 3723 late
971 3636 1102 3750 patens

93 3767 298 3839 necessitas
321 3768 430 3839 variae
456 3788 499 3839 ac
525 3766 743 3865 multiplicis
775 3769 978 3840 curationis
999 3794 1102 3842 sum-

94 3910 195 3955 mam
214 3881 301 3955 facit
315 3886 354 3954 in
371 3901 473 3957 recte
492 3885 680 3956 medendo
692 3884 972 3957 difficultatem:
990 3913 1102 3984 quam

95 4018 139 4072 ut
155 4002 375 4091 anatomici,
391 4005 511 4075 varias
524 4003 636 4074 unius
651 4002 776 4074 morbi
795 4027 925 4076 causas
937 4018 1104 4102 retegen-
