2774 4670
301 381 372 473 452
463 404 510 453 or
536 403 681 455 snnrrns
706 405 750 452 nr
774 403 898 453 ciuus
923 404 1134 452 nonronmr

301 521 433 617 saepius
451 515 588 590 deinde
604 517 652 588 ad
671 541 826 590 examen
845 520 1038 608 revocavi,
1061 519 1168 615 quod
1180 544 1229 590 an
1242 521 1298 592 alii

300 636 511 713 Anatomici
540 637 638 707 intra
670 633 741 706 hos
778 650 931 707 centum
960 651 997 706 et
1029 638 1301 734 quinquaginta

301 778 422 825 annos
450 752 736 850 descripserint,
763 765 827 823 aut
852 751 1141 842 delineaverint,
1168 755 1302 826 nescio.

300 873 379 970 Ego
395 894 486 944 vcro
502 893 582 940 non
600 868 650 940 ob
665 868 764 940 banc
780 870 1016 967 potissimum
1032 893 1186 942 causam
1203 871 1306 969 plura

302 986 350 1060 de
365 1012 410 1058 eo
421 984 651 1083 corpusculo
662 985 776 1056 verba
791 983 942 1074 faciam3
957 985 1022 1059 sed
1039 989 1238 1083 potiusne
1254 988 1306 1059 cui

301 1102 416 1175 docto
443 1102 609 1188 homini,
636 1100 740 1197 quod
763 1101 836 1173 bae
861 1102 942 1199 ipsa
972 1116 1076 1174 aetate
1109 1103 1305 1192 accidisse,

301 1221 489 1319 suspicor,
508 1243 579 1317 pro
593 1241 720 1289 verme
731 1218 894 1316 amplius
907 1220 1086 1316 imponat.
1104 1220 1237 1291 Credo
1252 1245 1305 1291 au·

300 1340 377 1411 tem
395 1334 457 1407 bio
477 1334 624 1432 evulgo
641 1334 836 1408 nonnullis
850 1334 1007 1437 canibus
1025 1335 1153 1407 adhuc
1184 1340 1306 1425 eximi,

274 1456 276 1459 ’
300 1479 388 1529 cum
399 1453 499 1525 enim
517 1453 556 1523 in
574 1451 791 1549 quindecim
806 1453 1078 1551 cujuscumque
1092 1458 1305 1552 promiscue

302 1587 339 1645 et
362 1572 532 1670 generis,
561 1585 598 1640 et
618 1568 908 1667 magnitudinis,
938 1585 975 1640 e't
999 1573 1116 1642 aetatis
1135 1574 1307 1668 quaesive-

301 1692 393 1777 rim;
411 1691 450 1760 in
466 1687 752 1788 quatuordecim
769 1688 915 1776 inveni,
939 1712 1038 1759 unus
1061 1689 1185 1760 modo
1209 1716 1254 1762 ex
1272 1690 1308 1760 iis

302 1806 443 1907 quibus
459 1807 631 1879 laniones
649 1788 831 1894 utuntur,
848 1805 1033 1876 maximus
1052 1809 1254 1896 omnium,
1274 1820 1310 1876 ut

303 1926 425 1998 multo
441 1925 561 2020 majus
578 1923 718 1995 habere
737 1923 949 2011 debuisset,
970 1926 1130 1995 omnino
1147 1949 1231 1996 non
1252 1925 1309 2011 ha7

303 2041 409 2116 buit:
431 2040 535 2139 quod
554 2041 584 2112 si
601 2020 692 2111 tunc
710 2040 819 2112 Plinii
836 2040 950 2113 verba
969 2043 1162 2131 memoriae
1184 2068 1310 2114 occur-

237 2148 241 2154 *
304 2160 463 2245 rissent,
484 2157 683 2256 diligenter
705 2158 888 2231 cicatricis
912 2142 1110 2255 vestigium
1127 2162 1312 2256 quaesivis·

307 2302 405 2366 sem,
435 2298 518 2373 quae
537 2290 662 2348 tamen
690 2276 880 2348 luculenta
905 2301 983 2347 non
1010 2272 1143 2365 fuerit,
1168 2301 1314 2350 necesse

307 2409 381 2482 est3
401 2418 487 2465 nam
498 2417 566 2492 per
583 2416 621 2466 se
636 2392 676 2463 in
693 2388 823 2464 oculos
839 2395 1067 2464 incurrisset.
1086 2397 1132 2464 Et
1151 2396 1193 2481 in
1205 2395 1313 2467 altero
1354 2478 1357 2487 ,

309 2510 464 2611 quidem
474 2535 585 2599 cane,
600 2511 667 2608 qui
681 2535 840 2608 magnus
849 2526 928 2583 erut
938 2566 949 2601 ,
960 2535 1116 2609 parvum
1128 2512 1171 2582 id
1184 2537 1315 2611 corpus

308 2655 380 2730 pro
400 2627 502 2701 canis
521 2626 779 2725 magnitudine
805 2626 937 2710 fuisse,
963 2630 1136 2718 memini3
1169 2655 1252 2702 non
1271 2632 1315 2703 sic

309 2763 436 2819 tamen
455 2744 495 2815 in
509 2743 588 2830 aliis
604 2743 663 2814 vel
679 2769 783 2841 aeque
798 2744 1013 2842 grandibus.
1030 2750 1112 2816 Imo
1126 2747 1169 2817 in
1185 2769 1314 2846 magno

310 2863 477 2962 quodam
495 2861 623 2931 inveni
643 2874 718 2931 tres
736 2860 872 2957 digitos
889 2876 1124 2967 transversos
1138 2864 1314 2963 longum,

312 3005 398 3053 cum
419 2981 458 3049 in
478 2976 734 3050 mediocribus
750 3002 836 3049 raro
866 2981 1098 3076 superaverit
1115 2979 1240 3070 duos,
1262 3006 1314 3053 sae·

312 3099 398 3198 pius
412 3095 624 3192 aequaverit.
659 3098 829 3191 Itemque
849 3096 888 3165 in
913 3095 999 3189 alio
1008 3096 1134 3193 potius
1164 3121 1313 3196 magno,

313 3238 427 3311 quam
444 3236 581 3310 parvo,
605 3235 690 3282 cum
708 3211 836 3308 lingna
852 3226 955 3285 esset·
966 3212 1210 3310 longitudine
1232 3210 1314 3312 digi-

312 3345 440 3412 torum
458 3344 563 3416 octo,
578 3330 692 3401 trium
705 3330 848 3426 ipsum,
867 3344 930 3401 aut
941 3355 986 3400 eo
1002 3330 1166 3427 amplius
1183 3329 1256 3403 fuit
1268 3328 1315 3401 vel

314 3448 393 3523 sine
408 3430 624 3519 tenuissima
641 3445 766 3516 caudae
781 3461 896 3543 parte.
915 3450 1009 3518 Cum
1020 3447 1123 3517 enim
1138 3446 1218 3518 hoc
1231 3463 1315 3519 teres

314 3588 453 3662 corpus
466 3562 562 3632 nibil
578 3564 714 3662 magis,
730 3565 760 3635 si
774 3561 930 3661 figuram
947 3565 1216 3636 tantummodo
1227 3585 1315 3662 spec·

312 3697 388 3767 teS,
409 3703 522 3778 quam
549 3678 673 3750 lusum
692 3678 849 3768 referat,
873 3683 924 3753 sic
944 3681 1126 3779 utrinque
1147 3697 1315 3753 extenua·

314 3813 394 3886 tur,
412 3812 454 3868 ut
473 3788 640 3867 anterius
660 3811 869 3867 extremum
895 3796 998 3894 quod
1024 3796 1071 3867 ad
1098 3799 1220 3895 ipsam
1240 3793 1314 3865 ulti·

315 3940 415 3986 utam
433 3914 548 4012 apicis
571 3912 705 4011 linguae
732 3939 837 3985 oram
866 3914 1019 4013 saepius,
1041 3931 1313 4013 nonnunquam
