2774 4666
174 477 244 522 um.
271 476 295 521 1.
324 476 371 521 ur
394 442 851 540 uonuiscnr1ris,sr1ss.
880 476 934 527 ιιι.
992 453 1057 549 195

113 614 164 686 29.
194 567 240 659 at
258 590 378 675 enim,
394 590 562 684 inquieS,
576 612 644 658 cur
660 591 699 657 in
715 591 788 659 isto
805 589 960 660 homine
976 572 1061 661 cum

76 705 187 776 eadem
198 707 310 789 etiam
324 719 433 774 antea
449 719 589 792 essent,
606 730 684 775 non
701 706 801 777 idem
812 716 938 787 tamen
954 721 1064 779 antea
1097 728 1099 735 ’

78 824 236 920 contigit,
247 824 417 919 quamvis
425 837 462 892 et
472 821 583 919 plene
594 838 774 895 coenasset
784 826 958 908 totieS,et
968 850 1065 896 non·

78 964 259 1039 nunquam
276 952 376 1012 certe
401 940 589 1019 maturius-
608 941 748 1037 pariter
764 940 979 1012 cubuisset?
1002 944 1065 1013 m:

79 1060 200 1128 mirum
216 1059 307 1155 quia
316 1071 424 1147 antea
440 1070 546 1155 erant
560 1055 715 1154 quidem
728 1057 907 1154 pleraque
925 1059 1066 1148 eadem,

79 1175 224 1246 sednon
242 1176 380 1245 omnia.
400 1174 477 1244 Nec
493 1194 585 1245 vero
602 1192 777 1244 rasorum
802 1176 1068 1248 tantummodo
1099 1206 1103 1207 ⁷

79 1291 181 1363 robur
196 1292 301 1379 dicu,
321 1289 427 1389 quod
449 1292 489 1361 in
515 1289 595 1362 dies
612 1292 729 1388 magis
746 1294 938 1389 magisque
956 1293 995 1363 in
1014 1318 1067 1365 se·

79 1408 175 1480 nibus
196 1424 415 1495 enervatur,
438 1407 502 1479 sed
524 1409 653 1495 etiam,
670 1421 783 1505 atque
804 1408 900 1481 adeo
920 1412 1068 1507 potissi·

79 1551 170 1596 mum
179 1538 438 1624 tempestatem
448 1525 549 1596 illam
565 1517 669 1611 dico,
686 1528 794 1622 eujus
807 1529 909 1598 vitot
919 1528 981 1597 alii
991 1540 1068 1598 ta'm

80 1643 200 1714 erebro
224 1666 294 1741 per
317 1668 381 1715 eos
405 1643 484 1714 dies
507 1643 554 1714 de
583 1644 787 1740 improviso
812 1647 1066 1743 rapiebantur.

79 1763 160 1830 Nam
176 1775 262 1859 post
277 1757 394 1858 frigus
411 1784 489 1853 non
508 1759 622 1830 modo
639 1760 790 1861 hyeme,
806 1763 871 1834 sed
887 1779 923 1835 et
938 1773 983 1835 eo
1002 1768 1069 1861 qui

80 1891 319 1973 praecesserat,
349 1891 551 1965 autumno,
576 1892 612 1947 et
641 1872 818 1976 eoquod
845 1894 1070 1954 successerat

81 2017 175 2082 vere,
187 1985 367 2064 diuturna
383 2009 420 2064 et
433 2016 517 2063 rara
526 1994 810 2066 continuatione
822 2009 1071 2094 protractum,

82 2111 170 2182 calor
186 2127 278 2183 tunc
291 2113 477 2208 primum,
492 2126 529 2182 et
542 2113 575 2182 is
591 2136 669 2182 non
680 2113 882 2210 gradatim,
896 2111 961 2186 sed
971 2127 1072 2190 totus

84 2229 182 2301 simul
196 2252 234 2301 se
245 2226 446 2317 extulerat,
461 2244 502 2300 ut
517 2244 672 2327 repente
682 2244 881 2331 propterea
891 2244 929 2305 se
939 2245 1075 2332 expati-

81 2343 181 2419 dente
197 2348 398 2445 sanguine,
414 2345 571 2444 perinde
594 2363 689 2420 esset
713 2370 756 2418 ac
781 2351 811 2421 si
833 2352 935 2438 iasa,
958 2350 1072 2448 hujus

83 2467 176 2560 quasi
195 2464 410 2562 duplicata
402 2466 606 2561 1mpr0viso
630 2467 739 2563 copia
754 2466 1069 2541 distenderentur.
1129 2462 1137 2549 ¹.
1195 2470 1206 2479 χ

83 2578 182 2668 Quod
197 2604 284 2653 cum
300 2598 471 2680 superius
485 2583 519 2678 (
527 2581 567 2678 )
553 2600 630 2678 Jam
647 2585 732 2654 satis
747 2584 1074 2723 explicate-rimus,

84 2694 136 2768 hie
151 2708 319 2797 repetere
337 2723 415 2771 non
433 2713 487 2771 est
502 2717 608 2796 opus.

125 2814 177 2887 30
203 2820 370 2902 Praestat,
387 2798 1074 2914 siquaepraetereasquassubindeh'll
1114 2884 1119 2889 A

41 3020 42 3024 Ἰ
85 2930 218 3005 duabus
235 2934 401 3032 epistolis
414 2934 680 3021 indicavimus,
695 2933 975 3009 observationes
988 2946 1073 3036 pre²

81 3046 240 3140 dierunt,
255 3050 303 3123 all
314 3052 565 3150 sanguineam
583 3040 817 3151 apoplexiam
828 3058 1074 3151 pertinenter,

85 3330 185 3389 uotum
199 3330 350 3409 impediat.
365 3327 452 3393 Unde
472 3338 677 3412 respirationis
700 3328 790 3394 laesio.
810 3330 911 3396 Plures
928 3332 1002 3396 alioi
1026 3330 1081 3398 ei:

87 3447 157 3488 rores
170 3435 323 3490 anatomia
337 3446 366 3490 et
378 3436 587 3512 physiologiae,
600 3438 696 3494 trihus
711 3438 857 3513 inprimis
872 3440 1077 3513 epistolisaui-

88 3532 297 3605 madrertimus,
310 3537 434 3610 exempli
447 3539 624 3613 gratiahanc
638 3539 819 3609 doctrinam,
834 3550 936 3595 omnes
948 3539 982 3594 in
995 3558 1078 3595 cere-

89 3614 193 3686 bellum
207 3652 384 3691 eoneurrere
408 3655 516 3691 nervos
542 3637 650 3709 quibus
680 3646 860 3699 enascuntur
883 3639 1079 3695 involuntarii

90 3740 187 3802 motus,
198 3736 378 3811 Morgagnus
390 3736 431 3792 sic
446 3736 589 3792 cerebello
605 3738 717 3810 praebet
728 3738 759 3793 id
771 3734 854 3811 quod
867 3738 905 3794 ad
920 3728 1080 3795 medullam

92 3826 263 3906 oblongatam
282 3835 431 3908 pertinet:
449 3835 560 3909 quippe
581 3856 646 3908 quae
665 3837 765 3892 omnia
787 3856 854 3892 cum
872 3835 962 3893 hodie
984 3851 1081 3893 errata

92 3942 284 4004 agnoscuntur,
291 3940 450 4009 propterea
464 3936 726 3992 refutarevacu'um
742 3940 793 3992 e‘st.
802 3934 925 4011 (Adnot.
939 3922 1079 4013 Editus).

128 4024 169 4106 (1)
187 4033 225 4088 N.
244 4034 289 4090 13.
967 4040 973 4047 ⁴

852 4132 911 4207 13*
980 4210 984 4215 ,
