2780 4666
177 419 245 469 uta.
272 420 297 467 ι.
324 414 846 483 nunoumscarm1s,nr1sr.
874 420 907 465 v.
972 394 1039 494 287

52 533 257 635 glandulam
290 557 361 605 uos
396 529 548 630 quidem
580 530 761 603 hacteuus
794 529 1041 621 offendimus,

51 677 121 723 non
146 670 255 723 secus
284 648 457 746 acquod
486 649 526 719 iu
553 647 748 746 glandula,
779 648 898 719 multo
916 650 1040 720 minus

53 792 104 858 os,
123 793 240 866 quam
260 767 539 838 concretionem
560 764 693 838 calculi
720 765 897 854 similem,
917 767 1056 837 visum

52 910 119 957 esse
146 884 419 982 utplurimum
449 881 581 971 nobis,
606 879 765 953 latemur
795 881 845 953 ob
874 886 935 955 eas
960 908 1040 980 quae

53 1000 209 1071 iudicatae
239 1013 343 1087 sunt,
369 1022 516 1070 causas:
547 996 686 1094 quibus
713 1012 750 1069 et
776 996 874 1068 hanc
898 996 1039 1087 addeS,

53 1140 90 1187 ex
104 1116 259 1187 materia
276 1115 386 1185 viridi
403 1115 662 1186 concretiones
674 1113 812 1186 virides
827 1112 925 1211 (hoc
938 1116 1039 1186 enim

54 1254 193 1329 quoque
204 1232 335 1303 colore
342 1231 405 1302 hio
419 1230 565 1328 lapillos
575 1233 715 1328 reperit
722 1232 871 1304 Vestius
883 1230 937 1328 (ι)
951 1233 1041 1304 exis·

54 1364 121 1420 tere
150 1348 298 1420 facilius
321 1371 450 1445 posse,
479 1371 591 1443 quam
621 1346 753 1417 viridia
778 1355 937 1445 usquam
958 1366 1040 1421 ossa

54 1467 223 1562 pronasci.
241 1469 510 1535 Verumtamen
528 1461 712 1560 siquando
730 1465 1041 1537 crassiusculaali·

57 1582 207 1678 quagsub
228 1604 384 1653 manum
403 1579 577 1667 redeant;
605 1604 684 1649 non
714 1579 890 1651 durltiem
905 1583 1038 1673 modo,

56 1714 108 1771 aut
120 1698 425 1786 combustorum,
440 1711 483 1767 ut
499 1694 718 1795 aliquando,
735 1697 908 1770 nidorem
923 1714 1038 1770 atten-

55 1814 146 1906 dere,
164 1816 232 1889 sed
247 1840 316 1914 per
327 1815 397 1885 alia
408 1817 562 1912 insuper
579 1816 833 1912 experimenta
846 1816 1037 1913 inquirere

57 1956 172 2005 eorum
196 1948 373 2005 naturam
406 1932 598 2019 constitui,
627 1933 846 2032 intereaque
873 1956 971 2024 rem,
997 1950 1040 2006 ut

55 2048 127 2122 alias
141 2049 235 2139 leci,
254 2053 296 2121 in
315 2049 443 2123 medio
459 2051 684 2146 relinquere.

101 2168 148 2239 13.
168 2167 280 2259 Quod
297 2167 390 2236 mihi
412 2166 471 2238 vel
490 2168 607 2264 magis
626 2166 672 2237 de
691 2188 778 2238 vera
803 2168 919 2239 saniei
937 2169 1038 2242 illius

59 2286 265 2383 scaturigine
294 2281 502 2355 faciendum
533 2296 609 2368 est,
642 2306 755 2379 quam
780 2284 819 2353 in
846 2286 1038 2382 proposita

59 2403 192 2474 sartoris
219 2400 482 2473 observatione
509 2399 698 2498 descripsi.
721 2406 773 2469 Ex
791 2401 1039 2498 pulmonibus

60 2516 142 2590 iutra
169 2519 368 2592 calvariam
397 2516 510 2590 fuisse
536 2518 777 2605 translatam,
806 2520 1037 2616 suspicarer,

59 2633 84 2702 si
101 2635 197 2726 illos,
222 2651 268 2708 ut
293 2637 479 2733 graviores
501 2636 651 2723 inveni,
676 2636 728 2705 ita
748 2656 908 2732 usquam
933 2636 1037 2710 laesos

56 2739 372 2849 deprehendissem
394 2751 712 2851 quemadmodum
742 2776 786 2824 ex
813 2754 969 2824 caluaria
990 2755 1037 2825 ad

58 2868 159 2940 urina
178 2873 256 2943 vias
271 2884 518 2942 transvectam
536 2888 614 2941 esse
633 2869 855 2966 aliquando,
886 2892 971 2942 cum
993 2894 1037 2942 ex

58 2981 143 3074 aliis,
158 2994 240 3059 tum
261 3012 305 3058 ex
322 3004 367 3058 eo
381 2987 530 3058 videtur
553 2985 656 3084 quod
674 2987 732 3056 vir
748 2988 869 3058 claius
887 2988 1034 3085 Hippol.

56 3100 168 3174 Fratre.
187 3104 404 3176 Albertinus
422 3128 443 3175 a
462 3128 500 3175 se
512 3105 552 3174 in
566 3118 718 3175 tonsore
737 3104 1037 3176 animadversum

58 3218 228 3291 narrabat:
244 3222 365 3311 Quem
385 3244 430 3293 ex
442 3223 556 3318 longa
573 3220 642 3292 sub
656 3221 735 3293 sole
749 3241 855 3291 mora
869 3242 952 3290 cum
969 3221 1038 3291 do-‘

56 3327 106 3402 lor
117 3338 267 3433 eapitis,
281 3348 484 3435 sensusque
497 3337 676 3437 ponderis
684 3339 724 3408 in
732 3338 890 3425 vertice,
907 3334 1036 3427 febrim

58 3444 241 3542 delirium,
256 3472 458 3551 nervorum
472 3456 734 3545 distentiones,
752 3453 957 3552 lethargus,
978 3476 1035 3526 re·

58 3564 181 3640 solutio
196 3571 359 3668 denique
377 3572 685 3671 prehendissent,
705 3572 901 3670 repentina
917 3572 1037 3643 urina

87 3939 128 4018 (1)
146 3946 237 4020 Apud
249 3949 414 4006 Salamann.
429 3916 515 4006 Thes.
527 3947 577 4005 eit.
595 3950 641 4006 13.
