2798 4668
312 393 384 465 608
479 418 525 465 nr
552 416 698 466 stereus
723 420 768 466 rr
793 418 916 467 crusis
942 419 1154 468 moerorum

314 531 380 628 qui
396 530 561 627 primum
578 555 657 601 non
675 546 778 619 erat,
790 548 877 631 post
886 532 1030 631 aliquot
1044 534 1194 607 dierum
1206 535 1299 605 inter⁴

314 646 453 717 vallum
469 647 560 716 oriri
576 650 743 745 eoeperit.
1093 645 1097 649 ’

364 768 533 835 Fuerunt
561 765 674 835 etiam
701 766 766 861 qui
792 780 1005 855 tumorem,
1031 766 1185 864 dequo
1211 790 1300 864 supe-

315 882 393 952 rius
414 879 627 977 (1)dietum
648 895 720 969 est,
738 907 759 952 a
779 884 909 980 Genga
927 881 975 953 ed
995 906 1200 982 coccygem
1217 907 1302 954 sana·

314 1014 417 1082 tum,
435 997 483 1069 ab
503 998 664 1068 humore
677 995 819 1068 facturn
836 998 1086 1088 crediderint,
1103 1001 1173 1097 qui
1189 1009 1303 1075 extra·

287 1154 293 1166 ·
315 1117 368 1187 nii
392 1139 483 1187 cavo
503 1113 591 1186 illuc
607 1138 727 1211 usque
745 1115 844 1187 inter
858 1140 940 1217 osea
961 1132 999 1188 et
1014 1115 1155 1187 duram
1176 1115 1306 1186 menin-

316 1258 400 1332 gem
416 1233 515 1301 viam
531 1229 602 1303 sibi
617 1255 686 1328 per
707 1233 904 1305 cuniculos
928 1234 1146 1332 paravisset
1168 1233 1237 1304 Sed
1252 1234 1306 1329 qui

316 1374 403 1421 cum
420 1349 544 1447 praecl
561 1352 732 1419 Fantono
750 1349 805 1446 (a)
824 1353 879 1421 rei
893 1349 1306 1439 difficultatemnatd

316 1493 376 1540 me
396 1467 567 1539 consulta
578 1467 857 1563 perspexerint,
873 1480 986 1562 atque
997 1465 1307 1561 insuperpromp·

316 1602 395 1657 tum
410 1584 517 1655 illum
530 1584 602 1655 seri
619 1607 664 1653 ex
678 1598 828 1654 tumore
839 1584 980 1655 exitum
988 1579 1307 1652 animadverterint

318 1702 442 1773 statim
452 1724 494 1770 ac
505 1725 621 1771 manu
630 1701 783 1796 occiput
794 1700 1127 1797 comprimeretur,
1136 1723 1215 1770 non
1222 1693 1307 1771 aliud

319 1820 473 1890 mallent
489 1819 523 1888 ei
538 1816 691 1888 humori
708 1816 779 1886 iter
794 1818 1000 1914 assignare,
1021 1842 1141 1914 quam
1159 1813 1259 1913 quod
1270 1811 1308 1883 al>

315 1952 450 2007 natura
462 1938 541 2033 ipsa
557 1935 657 2004 inter
675 1934 870 2029 meninges
884 1947 1057 2030 paratum
1067 1947 1145 2020 est,
1166 1931 1306 2003 sanatio·

317 2079 406 2124 nem
422 2076 557 2150 magna
575 2075 619 2121 ex
635 2065 741 2147 parte
756 2048 983 2146 quadrienni
1002 2050 1105 2121 illius
1117 2050 1228 2147 pueri
1240 2060 1308 2116 aeta-

316 2171 359 2257 ti,
373 2184 410 2239 et
426 2183 587 2241 externae
599 2166 661 2238 hic
678 2193 853 2266 queque,
868 2193 947 2239 non
963 2169 1124 2239 internae
1141 2167 1307 2238 malicau·

318 2311 365 2359 sae
382 2286 603 2357 tribuentes.
623 2289 776 2356 lnterna
789 2287 906 2374 enim,
926 2301 963 2356 et
979 2287 1191 2383 praesertim
1203 2283 1307 2354 nativa

319 2428 430 2475 causa
444 2418 481 2475 et
495 2403 579 2492 diu,
597 2417 634 2474 et
651 2405 803 2500 penitus
823 2417 906 2474 tum
922 2402 1056 2476 fluidas
1072 2419 1223 2501 partes,
1242 2416 1307 2471 tum

319 2521 456 2595 solidas
476 2521 593 2609 laedit,
612 2520 756 2618 hasque
776 2545 822 2594 eo
841 2522 1009 2619 gravius,
1031 2545 1113 2618 quo
1133 2519 1309 2591 molliores
1371 2524 1372 2535 ¹

318 2653 423 2727 sunt,
440 2664 538 2727 non,
556 2639 611 2709 uti
628 2655 736 2710 aucta
747 2639 824 2736 jam
839 2655 963 2726 aetate,
978 2638 1181 2711 firmiores.
1194 2642 1269 2708 Huc
1277 2631 1308 2701 il·

318 2754 385 2826 lud
400 2755 564 2841 accedit,
581 2756 685 2852 quod
702 2758 839 2854 equina
854 2756 1025 2831 medullae
1038 2757 1162 2829 cauda
1177 2754 1224 2826 ad
1237 2773 1308 2821 coc·

319 2896 449 2970 eygem
460 2897 538 2943 non
549 2876 832 2973 pervenitzquae
850 2874 1004 2950 fortasse
1021 2901 1137 2949 eausa
1154 2873 1239 2960 fuit,
1253 2891 1307 2941 cur

317 2989 528 3086 Ruyschius
539 2991 593 3089 (3)
606 2998 703 3063 inter
714 3016 855 3081 omnm,
866 3011 931 3066 aut
941 3011 1053 3078 certe,
1065 2995 1097 3066 si
1107 2994 1192 3089 ejus
1205 2985 1308 3089 proxi·

317 3131 418 3177 mam
438 3107 538 3204 legas
558 3106 859 3181 observationem
882 3111 953 3207 (4),
972 3109 1099 3181 senne.
1116 3112 1218 3179 inter
1240 3127 1307 3174 oin·

317 3248 386 3294 nes
404 3223 625 3320 hujusmodi
643 3243 838 3326 correptos
858 3226 1085 3313 tumoribuS,
1104 3225 1245 3296 nullum
1262 3223 1305 3289 vi·

321 3339 418 3412 derit
434 3344 613 3431 infirmem
637 3359 715 3415 tam
738 3344 804 3416 diu
823 3350 1073 3443 superstitem,
1098 3366 1215 3441 quarn
1235 3356 1305 3407 eum

207 3527 210 3533 ⁴
319 3529 1302 3565 mm

372 3678 383 3714 1

372 3777 388 3814 α
423 3758 561 3814 Animad.
574 3757 647 3814 ibid.
662 3760 712 3815 cit.

392 3856 404 3936 )
424 3858 497 3913 Obs.
512 3856 566 3928 35,
580 3858 685 3932 saepius
700 3859 751 3916 cit.
773 3903 783 3929 ‹

392 3956 404 4033 )
424 3958 497 4014 Obs.
514 3957 562 4014 36.

388 3658 459 3833 ΞΝ.
473 3677 503 3733 9.

355 3656 368 3736 (

300 3808 305 3813 -
358 3757 370 3835 (

358 3857 371 3936 l

359 3957 371 4034 (

373 3858 389 3914 3

374 3964 391 4023 l
