2782 4668
224 502 291 548 ura.
319 501 343 545 1.
371 484 419 545 uu
443 494 894 563 nonerscnr1r1s,se1sa.
923 500 1002 548 vm.
1055 479 1124 576 373

126 616 271 688 arteriae
289 612 466 710 imposita
485 609 654 698 fuerant,
675 610 911 701 dimovisset,
927 637 1044 712 eaque
1062 632 1130 687 sta·

122 734 216 820 tim,
235 754 425 828 perpauco
443 726 563 800 effuso
583 730 783 826 sanguine,
805 733 967 827 reposita
986 750 1127 824 essent,

123 850 363 946 indignatum
397 848 684 944 nescioquem,
712 848 817 943 cujus
844 862 923 917 erat
953 849 1128 922 custodiae

126 964 374 1055 commis'sus,
393 991 478 1036 cum
498 965 538 1033 in
561 978 749 1051 ventrem,
770 977 806 1034 et
831 963 878 1037 ad
894 964 1007 1034 imam
1025 963 1130 1037 fron-

124 1099 205 1155 tem
222 1106 373 1182 pugnos
399 1080 538 1152 misero
556 1081 773 1177 impegisse,
797 1094 877 1150 tum
894 1082 1027 1151 insano
1043 1082 1128 1179 ipso

125 1201 358 1272 insaniorem
378 1199 589 1271 arctissimo
600 1197 808 1271 cervicibus
816 1199 1129 1294 injectovinculo,

126 1315 351 1387 discessisse.

177 1433 344 1504 Cadaver
367 1428 554 1530 postridie·
577 1433 805 1530 inspiciens,
834 1433 988 1503 minime
1016 1435 1066 1506 ob
1086 1461 1129 1506 ea

127 1576 210 1648 quae
223 1550 320 1639 dixi,
340 1550 494 1619 miratus
507 1574 610 1634 sum,
632 1547 763 1618 faciem
779 1573 823 1616 ex
840 1563 920 1620 atro
935 1574 1128 1647 purpureo

126 1667 259 1755 livere,
278 1650 314 1737 et
328 1666 375 1736 ad
392 1665 575 1736 nasalium
591 1665 733 1735 ossium
751 1662 897 1753 sedem,
914 1691 996 1762 quae
1011 1666 1128 1764 digito

125 1799 296 1871 tentans,
319 1780 435 1852 fracta
458 1805 558 1867 esse,
575 1781 755 1877 cognovi,
773 1776 889 1851 ferme
908 1774 1127 1879 'nigricare,

125 1916 189 1970 aut
199 1908 368 1971 ventrem
381 1888 571 1997 turgidum
582 1952 592 1985 ,
604 1897 744 1969 alicubi
758 1909 803 1968 e'x
816 1899 926 1970 viridi
942 1890 1123 1973 livescen-

127 2033 215 2089 tem.
236 2018 337 2113 Quin
357 2016 511 2087 thorace
525 2015 707 2086 hactenus
723 2015 900 2103 lustrato,
919 2030 960 2087 ut
979 2019 1129 2114 pulmo-

124 2158 197 2205 nes
214 2133 361 2203 modice
377 2130 563 2219 tumidos,
583 2132 623 2201 in
641 2155 772 2229 aspera
788 2134 922 2203 arteria
941 2159 1130 2233 spumam,

126 2276 200 2323 nec
214 2265 340 2321 tamen
361 2242 537 2338 multam,
555 2248 718 2319 multum
742 2263 864 2320 autem
887 2255 1128 2349 sanguinem,

128 2392 292 2464 eumque
311 2365 490 2456 fluidum,
505 2367 543 2436 in
558 2367 897 2464 pulmonarivena',
916 2385 952 2441 ct
963 2366 1128 2443 valvulas

128 2485 293 2582 denique
318 2484 551 2582 pulmonaris
569 2468 710 2557 arteriae
729 2507 837 2582 aequo
860 2484 1030 2558 duriores
1050 2490 1130 2557 ani-

128 2600 416 2691 madverterim,
447 2626 533 2673 cum
561 2616 691 2671 caetera
722 2600 928 2703 secundnm
955 2616 1127 2673 naturam

127 2719 332 2791 constituta
358 2718 597 2817 viderentur3
622 2707 820 2790 'confestim
850 2718 896 2789 ad
929 2719 1126 2791 cerebrum

125 2836 343 2934 diligentius
371 2835 705 2934 contemplandum
734 2836 898 2907 transivi.
922 2839 1125 2935 Utriusque
1209 2831 1211 2835 ’

71 3004 75 3011 ·
126 2954 314 3050 meningis
327 2977 411 3025 vasa
427 2969 505 3025 ater
514 2968 550 3025 et
566 2951 705 3027 ssuidus
719 2952 867 3052 sanguis
880 2952 1127 3045 distendebat,

126 3085 169 3142 ut
182 3071 246 3141 itta
255 3072 394 3169 pariter
406 3095 489 3168 quae
502 3095 570 3168 per
580 3073 677 3169 septi
689 3062 804 3141 lucidi
811 3071 945 3160 latera,
963 3060 1128 3145 caeteros·

126 3212 202 3284 que
217 3188 416 3259 ventriculi
440 3187 600 3276 dexteri,
618 3201 655 3259 et
677 3188 816 3258 sinistri
834 3190 994 3284 parietes
1016 3170 1127 3288 repe-

125 3302 231 3374 bant.
246 3305 354 3409 Quos
372 3304 603 3375 ventriculos
630 3304 746 3375 multa
769 3329 869 3401 aqua
893 3304 1044 3377 turbida
1064 3332 1126 3378 oe-

126 3419 301 3518 cupabat.
317 3420 451 3493 Plexus
462 3432 587 3492 tamen
611 3420 810 3492 choroides
828 3421 1034 3513 rubebant,
1062 3450 1126 3495 eo-

126 3560 291 3634 rumque
310 3538 519 3636 posteriore
539 3552 643 3634 parte
658 3536 786 3635 plures
805 3536 1018 3611 insidebant
1031 3543 1127 3612 vesi-

125 3652 242 3744 culae,
263 3680 359 3753 aqua
382 3654 524 3752 plenae,
553 3656 728 3752 interque
755 3654 821 3725 has
845 3655 970 3753 aliqua
987 3658 1127 3728 medio·

126 3798 232 3845 crem
262 3797 415 3873 aequans
438 3798 517 3843 uvae
537 3775 704 3860 acinum,
731 3796 800 3870 per
825 3774 932 3868 cujus
946 3776 1127 3845 svesiculae
1220 3770 1223 3775 ’

125 3893 295 3962 tunicam
312 3891 461 3966 vascula
474 3915 579 3988 seque
598 3914 734 3978 crassa,
750 3889 846 3960 etad
864 3888 1036 3965 eumdem
1051 3916 1127 3964 mo-

127 4007 219 4079 dum
240 4007 459 4089 ferebantur
470 4035 512 4082 ac
528 4034 599 4108 per
616 4011 776 4082 vicinam
790 4008 924 4096 plexus
940 4008 1128 4091 membra,
