2774 4666
294 403 365 477 256
456 427 502 473 ni·
528 424 674 472 ssnmus
699 426 743 473 rr
768 423 893 473 musis
917 425 1127 476 nonronuu

292 540 442 627 dicunt,
458 539 513 626 id,
528 554 588 625 ut,
607 554 757 626 caetera,
782 536 883 611 aliud
902 540 942 610 in
958 540 1040 612 aliis
1061 565 1139 614 esse
1163 567 1295 642 corpo·

291 656 416 744 ribus,
433 681 511 725 non
526 654 758 729 dubitamus:
772 669 810 727 et
820 654 1084 756 quibusigitur
1096 657 1214 756 paulo
1226 684 1296 730 am·

292 773 392 872 plius
410 788 481 860 est,
499 773 538 841 in
558 773 602 844 iis
616 771 663 843 ab
682 772 814 845 eadem
830 769 956 845 effusae
972 797 1076 872 aquae
1092 777 1202 875 copia
1221 802 1295 848 non

293 889 463 962 eamdem
497 889 642 961 cerebri
669 892 1008 988 compressionem,
1033 917 1159 991 neque
1185 894 1297 968 detri-

276 1023 463 1080 mentum
490 1007 591 1081 idem
614 1006 783 1080 futurum
812 1008 918 1108 quod
935 1010 975 1082 in
1008 1011 1054 1083 iis
1081 1009 1226 1110 quibus
1244 1012 1299 1082 ali·

295 1141 437 1225 quanto
457 1128 651 1224 angustius
666 1129 723 1197 sit.

343 1244 400 1317 33.
428 1244 499 1315 Sed
522 1259 561 1315 tu
581 1241 734 1317 fortasse
748 1266 836 1317 cum
854 1245 899 1316 iis
918 1242 1026 1333 facis,
1043 1247 1111 1342 qui
1130 1271 1241 1342 aquae
1254 1243 1298 1316 ef·

232 1438 234 1447 s
294 1361 479 1434 fusionem
512 1362 658 1433 malunt
687 1386 886 1458 nunquam
925 1362 1132 1460 apoplexiae
1152 1384 1299 1434 causam

294 1503 393 1567 esse,
404 1477 653 1551 sedeffectum
664 1479 831 1574 ejusdem
846 1503 964 1561 causae,
974 1479 1298 1578 quaeapoplexiam

296 1596 398 1685 facit,
418 1612 459 1668 ut
476 1613 566 1695 puta
586 1584 777 1694 sanguinis
795 1598 950 1686 invasis
968 1621 1052 1694 quae
1070 1598 1109 1667 in
1123 1597 1297 1685 cerebro,

297 1728 334 1787 et
353 1718 450 1785 circa
471 1715 668 1787 cerebrum
698 1728 804 1802 sunt,
821 1713 1036 1786 restitantis.
1057 1714 1209 1805 Quibus
1238 1738 1298 1813 ego

299 1830 524 1902 doctissimis
543 1832 631 1899 viris
644 1830 823 1901 hactenus
842 1832 882 1901 in
901 1835 930 1900 Ι.
948 1829 996 1902 ad
1015 1845 1052 1902 te
1069 1831 1251 1928 epistola(
1257 1829 1300 1925 ι),

300 1949 498 2043 multoque
510 1948 622 2029 etiam
637 1948 756 2044 magis
772 1949 813 2017 in
827 1946 1121 2044 Adversariistn)
1136 1941 1300 2021 assensus

301 2088 383 2139 sum
393 2117 403 2149 ,
415 2077 591 2134 uttamon
603 2051 682 2133 noir
693 2062 779 2159 plus
792 2060 962 2133 dederim
977 2087 1092 2160 quarn
1108 2064 1216 2162 quod
1230 2064 1300 2135 aliis

301 2182 582 2278 sapientissimis
595 2182 684 2251 viris
696 2180 1179 2278 satisest‚plerumquerem
1196 2206 1235 2254 se
1248 2179 1302 2251 ha·

302 2298 409 2388 here,
424 2314 467 2371 ut
485 2300 538 2369 illi
557 2300 800 2369 constituunt.
823 2299 909 2371 Feci
927 2299 1042 2396 igitur
1061 2299 1100 2368 in
1130 2298 1192 2371 his
1218 2323 1301 2397 quas

304 2441 407 2491 nunc
424 2418 548 2503 mitte,
568 2415 700 2486 litteris
717 2414 817 2487 idem
833 2413 988 2488 fortasse
1007 2416 1161 2512 quodin
1178 2415 1301 2489 feruet

304 2536 425 2606 causis
445 2533 618 2606 homines
638 2533 762 2603 minus
783 2532 1057 2605 inconsiderati
1072 2533 1215 2622 solent,
1244 2535 1301 2631 qui

217 2644 219 2648 ’
304 2666 347 2723 ut
364 2652 403 2723 id
422 2651 470 2722 ab
486 2640 706 2723 adversariis
724 2652 928 2749 impetrent
942 2649 1047 2747 quod
1061 2674 1212 2748 aequum
1235 2665 1300 2742 est,

305 2769 391 2871 plus
409 2770 602 2865 aliquanto
621 2769 823 2840 interdum·
830 2782 975 2865 petunt.
991 2770 1085 2840 Satis
1099 2767 1302 2840 enim'mihi

206 2942 207 2946 η
306 2902 381 2976 est,
400 2912 535 2984 aquam
555 2887 614 2958 vel
633 2885 900 2973 convehendo,
918 2886 977 2957 vel
1004 2885 1301 2983 comprimendo,

306 3006 366 3076 vel
391 3019 596 3101 utrumque
630 3004 741 3075 simul
767 3001 967 3075 efficiendo
988 3026 1098 3101 posse
1120 3003 1302 3077 interdum

309 3122 664 3219 apoplexiaecausam
676 3145 766 3193 esse.
782 3124 817 3191 Si
831 3120 901 3192 tibi
910 3145 956 3192 eo
964 3120 1120 3192 arbitrio
1128 3120 1231 3218 quod
1234 3122 1303 3217 jam

307 3237 454 3311 indeab
470 3237 637 3334 inittots)
645 3239 818 3336 permisi,
828 3238 951 3310 utenti
959 3260 1038 3307 non
1048 3237 1170 3333 placet
1182 3238 1220 3306 in
1236 3235 1302 3308 his-

309 3357 415 3455 toriis
424 3379 517 3453 quas
526 3357 678 3452 protuli,
688 3355 867 3427 omnibus
876 3369 1022 3426 tontum
1038 3355 1108 3452 ipsi
1124 3377 1229 3450 aquae
1245 3353 1303 3423 tri·

259 3510 261 3515 >
309 3452 454 3557 bucce,x
464 3488 649 3570 quantum
660 3497 729 3570 ego
741 3472 845 3544 visus
861 3497 961 3561 sum3
979 3487 1017 3543 at
1031 3472 1072 3541 in
1086 3469 1303 3568 quibusdan

366 3780 377 3814 1
415 3762 452 3815 N.
475 3757 503 3814 ὅ.

349 3758 394 3936 i²i
415 3859 539 3914 Advers.
558 3858 648 3914 indic.
664 3858 801 3914 Animad.
822 3858 870 3923 st..

350 3959 395 4036 (3)
416 3961 453 4015 N.
475 3978 500 4014 1.
