2784 4668
195 453 263 499 ua.
293 450 318 505 1.
348 450 394 497 nn
419 448 556 497 nonnis
581 410 739 513 carinis,
764 448 875 497 nausa.
904 451 959 498 111.
1018 426 1080 502 161

125 575 181 655 ιζ..
211 572 333 637 Senex
356 566 423 661 qui
446 589 466 634 a
493 565 609 661 longo
632 565 709 659 jam
730 579 902 662 tempore
929 583 1086 664 propter

68 708 255 783 magnum
271 683 380 753 ulcus
395 682 548 753 alterius
562 683 682 753 cruris
699 681 852 753 sedebat
867 683 1086 757 mendicans

70 802 118 873 ad
136 804 293 897 januam
313 799 438 870 aediss
465 800 637 887 Antonii,
652 799 834 888 multum,
849 814 891 870 ut
900 798 1086 896 ejusmodi

70 919 277 990 hominum
297 915 500 1015 plerosque
516 915 578 986 hie
594 914 733 1003 lacere,
746 915 880 1004 audio,
900 918 1010 1015 edere
1028 945 1087 991 so·

70 1037 181 1123 litus,
201 1034 297 1105 nihil
317 1049 443 1104 autem
462 1032 610 1104 obeam
629 1058 778 1104 causam
799 1059 882 1129 quae
902 1035 1000 1107 dieta
1016 1052 1086 1129 est,

71 1171 138 1226 aut
152 1178 291 1253 parum
305 1154 468 1240 moveri,
483 1152 680 1252 apoplexia
695 1153 906 1250 prehensus
920 1158 1086 1249 e'st,quae

71 1273 232 1358 mentis,
251 1285 287 1343 et
296 1272 450 1367 linguae,
469 1285 505 1342 et
514 1272 833 1369 sinistricorporis
842 1254 967 1343 lateris
975 1262 1086 1344 usum

72 1389 249 1474 abstulit,
275 1389 403 1485 sicque
422 1390 521 1459 intra
540 1387 729 1474 triduum,
748 1404 812 1459 aut
841 1389 1087 1485 quatriduum

72 1505 276 1579 interfecit.

122 1624 294 1695 Cadaver
307 1624 498 1721 reliquum
511 1624 561 1695 ob
576 1644 727 1723 gravem
740 1626 917 1713 odorem,
938 1626 1087 1700 etfoede

75 1741 245 1819 colorata
268 1765 314 1811 ex
331 1741 442 1812 viridi
463 1740 647 1840 fuscoque
676 1743 937 1831 intestina,'ad
962 1761 1089 1815 anato-

74 1861 192 1930 micas
225 1859 526 1947 exercitationes,
551 1884 643 1957 quas
665 1862 801 1931 martio
820 1885 968 1948 mense,
987 1885 1090 1933 anno

80 1984 169 2076 1741
183 1980 250 2066 ,in
267 1978 492 2048 nosocomio
507 1975 714 2064 habebam,
732 1979 888 2050 minime
897 1977 1090 2073 idoneum,

77 2096 230 2168 humari
241 2097 352 2192 jussi,
378 2109 491 2191 caput
510 2095 691 2166 duntaxat
707 2097 856 2166 servari.
876 2100 956 2164 Hoc
979 2095 1031 2166 ibi
1048 2098 1088 2166 iu

78 2213 292 2312 frequentia
316 2213 519 2284 doctorum
544 2215 740 2301 virorum,
767 2227 804 2285 et
833 2212 1090 2287 studiosorum

79 2333 362 2405 adolescentum
396 2331 442 2402 ad
474 2332 678 2430 apoplexiae
711 2333 812 2407 illius
850 2333 1090 2403 scrutandam

80 2474 231 2522 cansam
259 2472 346 2518 cum
374 2463 469 2520 esset
495 2448 763 2545 aperiendum3
797 2446 893 2519 forte
927 2448 1092 2519 animad·
1175 2450 1183 2469 “

79 2569 192 2655 verti,
210 2569 252 2637 in
266 2565 520 2637 anterioribus
535 2564 676 2637 finibus
692 2565 853 2638 musculi
873 2566 1091 2667 temporalis

81 2688 242 2774 sinistri,
261 2686 381 2757 levem
392 2686 675 2757 contusionem:
697 2684 743 2756 de
760 2710 834 2782 qua
849 2708 936 2756 cum
953 2710 1092 2785 quaere·

82 2828 177 2893 rem,
194 2817 333 2876 ettunc
342 2800 477 2873 factam
486 2826 581 2886 esse,
595 2800 857 2899 intelligerem,
865 2825 952 2872 cum
961 2801 1092 2890 hom0,
1189 2794 1192 2803 ’

84 2921 276 3020 apoplexia
313 2920 533 3017 ingruente,
574 2944 619 2990 ex
664 2919 753 3003 sella
788 2918 974 2991 ceciderat
1007 2944 1092 3006 sua;

85 3068 158 3114 non
180 3042 353 3114 dubitavi
379 3043 473 3137 quin
499 3043 684 3112 continuo
703 3040 970 3138 praedicerem,
997 3040 1027 3110 si
1049 3039 1093 3129 isf

85 3162 154 3234 tius
172 3160 378 3260 apoplexiae
393 3154 503 3231 causa
523 3160 593 3231 sub
614 3160 745 3231 o'culos
765 3158 935 3247 caderet,
961 3183 1032 3230 nec
1052 3161 1093 3228 in

88 3301 166 3350 sero
174 3278 408 3364 consisteret,
422 3275 529 3348 facile
538 3274 709 3348 futurum
718 3301 816 3363 esse,
830 3291 873 3347 ut
882 3276 1091 3349 secundum

89 3398 339 3492 conjecturam
355 3393 560 3491 quamdam
575 3419 698 3467 meam
714 3394 728 3492 (
743 3395 783 3464 in
798 3396 969 3491 proxima
986 3418 1093 3492 supe÷

90 3730 225 3842 pieriam,
237 3790 303 3846 quae
316 3772 524 3828 tantummodo
539 3750 725 3843 imminebat,
742 3772 850 3828 balneo
862 3773 972 3847 pedum
980 3772 1094 3840 calido,

92 3869 227 3943 sanguine
242 3871 391 3929 rarefacto
405 3871 443 3926 ad
461 3870 745 3928 consummationem
764 3873 893 3928 adduci:
909 3880 1095 3951 quapropter

28 3994 29 4019 ;
94 3966 150 4021 alio
162 3970 205 4024 uti
217 3972 371 4030 revulsivo
382 3971 487 4030 melius
501 3982 554 4030 est.
574 3971 702 4051 (Adnot.
721 3974 905 4051 Eclitorum.)

168 4113 195 4158 1.
520 4082 522 4089 ¹
882 4116 919 4166 11
