2774 4670
301 419 372 493 510
465 444 512 491 ur
539 442 685 490 sumnus
710 444 754 489 m
778 443 904 490 csusrs
930 444 1142 491 nonnosum

300 560 394 628 tium
422 557 437 626 i
466 558 524 627 Sic
548 556 650 627 euim
683 556 786 627 hunc
815 556 1014 653 aliquoties
1044 558 1306 631 animadvertit

299 673 517 774 chferus,
534 689 575 746 ut
596 678 633 745 in
653 677 822 746 sectione
837 672 912 746 hac
929 674 983 772 (r)
1002 675 1245 774 Sepulchreti
1257 677 1307 748 le·

300 817 385 890 ges,
403 797 441 862 in
452 797 645 891 principio
662 790 765 889 gulae
783 792 1029 891 incipientem
1045 818 1136 865 cum
1146 793 1308 890 quadum

298 909 531 1006 deglutiendi
555 909 801 1006 difficultate,
830 934 944 1007 quam
977 917 1086 981 tertio
1106 911 1173 981 die
1197 913 1309 982 mani-

298 1027 415 1101 festus
428 1026 636 1126 excipiebat
648 1042 807 1100 tetanus.
826 1032 946 1099 Porro
960 1028 1105 1100 multus
1117 1028 1243 1100 sudor
1252 1031 1308 1126 qui

299 1161 486 1245 perpetuo
505 1143 684 1243 profluxit
697 1147 738 1215 in
756 1170 803 1216 eo
814 1146 975 1241 juvene,
992 1145 1142 1216 numid
1163 1145 1310 1217 levami-

298 1265 357 1334 nis
377 1263 522 1351 attulit,
539 1277 580 1333 nt
603 1261 736 1334 manus
755 1263 947 1361 pedesque
965 1262 1147 1335 nonnihil
1171 1267 1310 1335 moveri

299 1380 477 1479 caeperint
497 1379 511 1449 i
534 1383 628 1450 Sane
659 1379 838 1464 Bontius‚
870 1379 973 1476 quod
1000 1381 1040 1449 in
1073 1379 1213 1452 eadem
1240 1405 1310 1452 sec·

297 1500 401 1571 tione
420 1496 476 1594 (a)
495 1496 639 1584 videas,
654 1496 883 1594 experientia
898 1495 1056 1569 edoctus
1070 1498 1178 1595 apud
1188 1497 1311 1584 Indos,

300 1644 398 1717 quos
414 1619 531 1704 inter,
548 1617 662 1713 hujus
682 1618 830 1714 generis
846 1618 988 1688 malum
1004 1642 1112 1715 aeque
1131 1616 1310 1689 familiare

297 1752 352 1809 est
384 1761 425 1807 ac
456 1734 546 1807 alibi
573 1758 725 1843 rarum,
762 1735 862 1805 inter
895 1750 1026 1806 carrera
1064 1735 1309 1807 commendat

299 1879 380 1952 quae
401 1852 578 1925 sudorem
609 1867 798 1923 moveant.
827 1850 899 1922 Sed
919 1851 983 1923 hic
997 1850 1162 1924 fortasse
1186 1854 1311 1923 utilior

299 1987 355 2046 est
374 1995 460 2041 cum
479 1966 628 2041 affectio
649 1965 785 2067 frigori
800 1969 997 2058 successit,
1015 1970 1076 2040 cui
1092 1983 1244 2042 temere
1261 1995 1310 2041 ca·

300 2087 476 2163 lefactum
509 2110 648 2184 corpus
675 2087 891 2183 expositum
918 2083 1049 2173 fuerit,
1066 2102 1110 2156 ut
1130 2087 1174 2157 in
1199 2087 1310 2159 milite

300 2231 415 2305 quem
435 2220 621 2276 memorat
638 2203 693 2300 (3)
705 2229 783 2302 per
800 2210 983 2301 mtegram
1000 2219 1153 2274 noctem
1174 2207 1310 2276 ebrium

269 2317 270 2320 '
300 2331 338 2395 in
356 2325 437 2396 solo
456 2324 688 2408 decubuisse,
705 2325 746 2393 in
764 2321 962 2419 tribusque
978 2321 1078 2411 aliis;
1099 2346 1205 2419 quos
1219 2329 1312 2394 Pata-

296 2444 347 2515 vii
362 2445 455 2532 scio,
475 2467 561 2515 cum
577 2464 685 2513 mero
703 2440 869 2511 calentes
881 2437 1023 2537 frigidae
1041 2464 1079 2511 se
1097 2463 1205 2510 aurae
1216 2465 1311 2511 com·

297 2563 503 2647 misissent,
523 2561 662 2659 pariter
679 2556 820 2658 rigidos
837 2581 920 2629 csse
937 2555 1075 2645 factus,
1092 2558 1310 2657 pariterque

298 2688 398 2751 intra
414 2694 582 2777 quatuor
592 2675 688 2764 dies,
702 2700 798 2774 aegre
814 2700 894 2749 uno
913 2674 1113 2760 evadente,
1134 2678 1315 2772 periisse,-

276 2825 352 2897 .qu
377 2796 623 2871 madmodum
649 2820 719 2893 per
745 2794 1074 2892 supervenientem
1104 2794 1308 2892 malignam

299 2914 443 2988 febrem
468 2917 498 2986 is
516 2938 612 3011 puer
625 2913 760 2999 evasit,
787 2934 902 3009 quem
927 2909 1068 2982 ibidem
1088 2909 1147 3006 (d)
1168 2911 1308 2984 videbis

299 3058 348 3104 eac
363 3012 560 3132 suppresso
575 3030 715 3102 sudore
734 3035 772 3099 iu
780 3052 1020 3128 paroxysmo
1028 3029 1173 3119 febrili
1195 3031 1237 3099 in
1261 3045 1307 3100 te·

298 3166 428 3225 tanum
460 3149 727 3248 plerarumque
754 3149 917 3245 partium
945 3147 1136 3219 incidisse.
1165 3148 1306 3219 Scilicet

298 3269 538 3368 Hippocratis
561 3266 844 3365 praedictionem·
864 3264 919 3363 (5)
939 3264 980 3336 hi
1002 3265 1082 3336 duo
1100 3288 1187 3337 non
1205 3289 1305 3338 secus
1381 3254 1383 3313 i

305 3472 1049 3505 ww

337 3594 382 3674 (r)
402 3597 438 3650 In
451 3593 554 3652 Addit.
567 3594 632 3650 obs.
647 3612 665 3649 α
679 3604 708 3649 et
723 3592 757 3649 in
770 3587 869 3653 schot

338 3694 383 3773 (α)
404 3695 476 3750 Obs.
496 3694 530 3750 15
545 3694 576 3749 in
593 3692 694 3752 Schol.

338 3796 383 3874 (3)
402 3797 475 3853 obs.
490 3795 554 3851 ead.

338 3896 382 3973 (4)
403 3897 475 3953 Obs.
494 3895 531 3952 32
549 3894 581 3949 in
596 3894 696 3950 Schol.

339 3994 382 4072 (5)
404 3997 482 4052 Sect.
504 3994 536 4065 5,
554 3994 654 4068 Apho.
673 3993 701 4049 6.
