2798 4668
227 439 296 490 tm.
324 412 423 503 [inp
450 435 901 514 nonntscamms,m›1sn.
928 448 992 495 xit.
1050 422 1120 524 593

81 616 85 623 ,
110 553 219 628 nibus
237 582 319 629 non
338 556 435 633 hine,
452 556 563 652 longe
581 557 621 625 in
648 556 812 652 quodam
839 556 979 631 infante
998 563 1120 634 visum

113 699 195 746 esse
216 675 368 762 scimus3
396 672 461 745 sed
487 677 615 770 Genga
631 675 836 769 presertim
859 676 972 766 vidit,
999 693 1036 750 et
1062 706 1120 752 ra·

112 793 260 864 rissima
277 815 348 861 nec
364 787 470 860 facile
488 788 693 887 speranda,
710 792 748 861 in
765 790 825 862 his
838 795 1051 869 tumoribus
1066 795 1120 870 fe·
1154 873 1156 877 ,

112 908 252 979 licitate
269 908 415 1005 aperuit
430 906 470 975 in
488 930 539 984 en,
551 930 638 977 casu
654 931 769 1002 quem
779 932 949 983 summus
965 912 1055 985 dum
1066 918 1120 986 vi·

111 1026 301 1112 veret,vir
309 1024 500 1095 Lancisius
508 1022 610 1092 claro
621 1027 792 1094 Fantono
800 1024 1007 1125 descripsit,
1019 1018 1122 1128 apnd

113 1141 301 1243 quem(1)
317 1166 394 1212 non
410 1165 485 1212 una
499 1140 545 1211 de
563 1164 672 1214 causa
686 1141 829 1240 relegas
840 1144 971 1234 velim,
991 1149 1055 1219 sed
1069 1149 1120 1222 ob

105 1259 215 1330 ¹hanc
233 1259 489 1356 potissimum,
506 1273 549 1329 ut
559 1283 802 1330 communem
822 1262 939 1334 cranii
956 1278 993 1336 et
1005 1267 1120 1367 spinae

113 1400 207 1447 cavo
231 1376 443 1472 hydropem
463 1373 595 1465 fuisse,
620 1390 657 1447 et
676 1402 721 1447 ex
736 1377 802 1448 illo
825 1379 865 1451 in
889 1378 964 1452 boc
981 1406 1119 1479 aquam

113 1491 371 1585 descendisse,
389 1492 584 1590 intelligas.
604 1496 698 1563 Cum
715 1494 815 1565 enim
831 1498 1047 1569 contusioni
1060 1494 1119 1571 ca-

111 1611 202 1708 pitis
219 1609 565 1708 bydrocephalum,
583 1608 830 1711 huieverois
845 1627 1120 1709 postmensem

112 1744 243 1799 tumor
254 1728 302 1800 ad
317 1751 515 1825 coccygem
535 1733 830 1826 supervenisset,
845 1730 960 1802 credo
974 1734 1060 1829 quia
1079 1738 1120 1806 in

112 1872 235 1944 puero
250 1845 491 1944 quadrimulo
508 1848 632 1917 minus
646 1842 752 1916 facile
760 1846 1020 1920 vertebrarum
1037 1877 1122 1927 ossa
1164 1899 1167 1903 ·

110 1964 247 2052 laxari,
259 1989 370 2060 quam
380 1965 638 2060 integumenta
648 1962 696 2033 ad
706 1962 870 2035 hiantem
883 2018 892 2052 ,
905 1965 952 2038 de
963 1993 1038 2064 qua
1048 1969 1121 2059 dic-

111 2097 197 2152 tum
212 2098 284 2169 est,
302 2082 397 2169 sacri
410 2082 502 2154 ossis
514 2082 893 2178 partempotuissent,
907 2108 986 2154 non
1003 2062 1119 2158 modo

113 2226 162 2272 ex
179 2215 312 2298 aperto
327 2199 402 2271 hoc
421 2199 498 2270 imo
517 2214 667 2270 tumore
684 2200 800 2270 multa
817 2199 884 2271 diu
901 2224 998 2299 aqua
1014 2229 1119 2301 egre·

113 2317 378 2416 diente,caput
388 2317 567 2416 paulatim
576 2316 1008 2403 detumuerat;sedcum
1020 2324 1119 2392 Gen-

113 2461 161 2535 ga
171 2490 181 2525 ,
190 2461 235 2508 ex
244 2451 349 2534 parte
360 2450 546 2534 superstes
559 2436 597 2504 in
607 2436 765 2532 occipite
773 2487 784 2522 ,
792 2433 1120 2534 hydrocephalum

111 2555 677 2652 manucomprimeret‚statt‘m,
692 2550 798 2647 quod
813 2550 905 2621 vidit
913 2556 1118 2647 Lancisius,

112 2696 164 2743 ex
174 2688 306 2770 aperto
325 2677 363 2742 in
377 2692 532 2765 coccyge
540 2670 743 2759 fhramine
756 2667 861 2738 iehor
878 2670 1120 2766 subpallidus

102 2791 339 2890 prosiliebat.
355 2791 472 2858 Porro
488 2811 510 2857 a
525 2787 653 2856 cranio
659 2786 702 2866 ⁸in
711 2783 970 2856 vertebrarum
982 2787 1118 2860 tubum

111 2912 365 3007 videturaqua
373 2910 413 2980 in
421 2909 620 2981 aliisetiam
631 2906 956 2980 observationibus
969 2907 1120 2983 descen·

113 3027 225 3101 disse.
242 3031 287 3098 ln
306 3027 371 3098 illo
391 3027 492 3097 enim
512 3022 654 3096 infante
671 3022 979 3122 hydrocepbalo,
1004 3050 1132 3122 quem,

113 3143 293 3216 describit
305 3140 552 3239 Mayerusla),
561 3166 606 3212 ex
615 3155 763 3211 tumore
776 3140 890 3235 hujus
899 3156 1039 3213 naturae
1053 3146 1126 3240 qui

104 3260 164 3333 ad
182 3260 349 3334 medium
369 3285 412 3332 os
425 3284 573 3332 sacrum
588 3258 752 3344 extabat,
771 3257 886 3355 paulo
906 3273 992 3329 ante
1018 3285 1119 3331 mor-

112 3395 192 3452 tem
209 3380 397 3478 disrupto,
413 3376 566 3475 lympha
590 3374 741 3453 turbida
765 3372 931 3446 subsalsa
952 3360 1117 3450 effluxit:

115 3498 212 3594 stylo
225 3512 349 3569 autem
366 3510 451 3594 post
461 3494 607 3565 obitum
621 3517 690 3590 per
698 3506 906 3579 tumorem,
927 3507 962 3562 et
972 3497 1118 3591 spinam

158 3778 202 3857 (ι)
222 3782 258 3836 In
269 3779 424 3837 Paeehion.
443 3776 582 3836 Animad.
595 3777 625 3851 ῥ’.

155 3878 202 3956 (a)
220 3880 297 3956 pr.
312 3881 351 3940 N·
367 3881 401 3937 C.
414 3880 499 3939 cent.
519 3896 532 3934 1
545 3887 576 3934 et
590 3892 622 3946 a,
636 3876 701 3932 obs.
715 3893 780 3948 127,
867 3916 869 3925 s

195 4002 224 4048 1.
566 4050 569 4057 ,
762 4016 789 4050 ,ν
904 3970 950 4043 38
