2782 4668
170 467 238 514 mn.
266 468 291 514 1.
318 463 526 515 nn‘uonars
550 465 706 527 ommis,
730 466 841 514 nersr.
868 467 948 514 vm.
1001 443 1075 518 385

77 579 185 650 simul
200 581 338 652 instare
356 577 584 675 hydropem,
603 579 714 653 simul
733 578 881 669 adesse,
899 582 1074 665 ostende-

76 712 171 767 runt.
185 698 260 787 Qui
272 722 388 795 porro
399 696 495 768 adeo
506 694 703 769 confestim
713 698 889 788 increvit,
902 715 943 770 ut
953 724 1075 797 quan·

80 837 188 910 quam
208 815 341 899 urinae,
361 839 421 886 me
439 838 593 912 quoque
609 814 744 886 leniter
755 815 975 910 adjuvante,
996 842 1075 888 non

80 957 201 1033 paucae
218 949 354 1020 erant‚·
369 948 411 1005 et.
425 957 514 1003 mox
534 932 593 1005 vel
612 934 728 1029 magis
747 931 1003 1031 profluebant3
1022 951 1076 1007 ta-

81 1075 164 1123 men
183 1075 264 1121 non
282 1049 397 1131 modo
414 1051 474 1123 siti
491 1033 639 1147 semper
657 1049 940 1125 vehementiore
961 1049 1078 1141 facta,

81 1183 115 1241 et
129 1191 272 1265 aquoso
286 1182 437 1241 tumore
453 1165 523 1239 sub
541 1169 752 1241 universam
771 1182 895 1241 cutem
913 1192 951 1239 se
969 1192 1008 1240 se
1022 1194 1082 1240 ex·

79 1276 350 1372 tendente‚sed
360 1285 616 1372 etnccatussi,
625 1306 748 1380 eoque
756 1281 1083 1383 infestiore‚quod

86 1402 238 1474 decolor
258 1402 409 1499 sanguis
423 1402 483 1472 vel
500 1424 568 1499 per
585 1424 623 1472 se
642 1400 690 1472 de
706 1400 860 1474 naribus
878 1426 973 1500 saepe
993 1428 1084 1500 pro-

87 1518 204 1607 dibat,
219 1537 257 1593 et
269 1518 414 1601 difficili
433 1520 683 1616 respiratione
707 1542 793 1591 cum
818 1535 975 1593 stertore
987 1564 1010 1610 ‚-
1029 1523 1086 1599 νίς

87 1638 274 1734 riumque,
291 1661 334 1707 ac
358 1637 488 1735 pulsus
512 1633 728 1707 infirmitate
745 1661 885 1735 aegrum
909 1653 1085 1736 urgente,

89 1778 131 1826 eo
146 1756 312 1826 resintra
324 1758 513 1851 quinque,
528 1751 631 1831 haud
641 1754 802 1850 amplius
812 1807 822 1842 ‚
834 1755 913 1826 dies
927 1755 1088 1829 deducta

90 1888 195 1959 esset)
222 1886 267 1942 ut
292 1868 474 1970 loquendi
498 1873 610 1940 etiam
639 1866 810 1943 facultate
827 1872 980 1959 amissa,
1016 1897 1088 1970 pro
1177 1852 1180 1857 ἱ

93 1986 278 2086 deposito,
298 2002 335 2058 et
354 1988 530 2083 jamjam
550 1987 735 2058 morituro
754 1986 802 2059 ab
822 1988 1000 2061 omnibus
1021 1988 1090 2063 lla-

39 2190 43 2197 ,
89 2101 246 2177 beretur.
261 2104 453 2181 Mihivero
463 2103 854 2201 quantulumcumque
862 2106 902 2176 in
910 2105 1092 2203 praecipiti

93 2242 173 2294 casu
188 2222 324 2293 liceret
339 2242 464 2319 neque
481 2236 610 2308 antea,
630 2246 756 2317 neque
770 2236 860 2294 tunc
881 2223 1089 2309 omittenti,

93 2340 281 2413 urinarum
307 2324 390 2434 quae
418 2337 535 2410 fluere
561 2336 788 2436 pergebant,
818 2342 926 2437 copia
949 2338 1094 2436 aliquid

38 2512 43 2525 ,
94 2457 233 2553 spiculae
250 2454 504 2552 relinquebat:
523 2479 637 2551 quam
657 2478 743 2526 mox
765 2455 941 2526 nonnihil
958 2480 1092 2529 auxere

95 2572 351 2655 animaduersae
360 2573 583 2669 perminuue
595 2573 701 2666 quasi
710 2570 892 2659 arenulae,
905 2597 988 2668 quae
1002 2597 1094 2643 con-

96 2684 483 2769 fertissimaeuniversa
497 2689 699 2758 vitrearum
712 2690 938 2762 matularum
947 2690 1097 2765 interna
1197 2700 1205 2709 “

97 2803 204 2877 latera
222 2806 501 2905 propemodum
520 2804 760 2902 operiebant;
781 2805 854 2877 boc
881 2807 982 2877 enim
996 2806 1098 2891 ¹mibi

98 2920 134 2991 in
159 2924 265 3023 aegris
291 2921 462 3021 pluribus
481 2921 703 2993 adnotatum
730 2919 846 2995 felicis
872 2922 1098 2999 morborum

101 3038 291 3113 solutionis
304 3036 505 3125 indicium,
522 3055 565 3110 ut
579 3036 700 3111 fusius
713 3039 803 3111 alias
818 3039 874 3137 (1)
888 3039 936 3111 ad
949 3044 1098 3131 teporis»
1143 3060 1147 3073 ‘

98 3151 196 3243 bam,
215 3183 411 3254 nunquam
429 3155 541 3227 fallax-
555 3156 603 3227 acl
619 3157 659 3227 id
673 3172 823 3253 tempus
838 3138 1098 3252 deprehendes,

99 3295 184 3344 ram.
200 3279 245 3347 Et
260 3298 349 3347 saue
367 3299 463 3372 aeger
481 3274 595 3371 paulo
612 3268 738 3345 minus
750 3273 851 3357 ⁴male
870 3272 1044 3364 habere„
1063 3292 1104 3351 et

101 3388 171 3483 jam
189 3392 315 3488 loqui,
333 3415 498 3488 moxque
518 3391 684 3463 universi
703 3391 874 3487 eorporis
887 3407 1050 3481 tumor„
1064 3409 1099 3467 et·

102 3506 174 3579 suis
191 3508 426 3596 decrescere,
446 3532 516 3581 nec
536 3509 685 3606 sanguis
702 3508 862 3604 amplius
880 3508 927 3597 de
945 3510 1101 3605 naribus

104 3624 261 3718 prodire.
282 3630 424 3709 Stertor
443 3641 523 3699 tum
538 3627 649 3698 etiam
664 3624 856 3724 perstabat
872 3642 1008 3701 tamen.
1029 3627 1101 3715 Sed

437 3778 456 3823 0

139 3976 181 4056 (1)
200 3982 292 4058 Epist.
307 3991 362 4059 49,
381 4003 412 4042 n.
429 4002 477 4041 αι.
502 4016 506 4023 ·

180 4102 209 4149 Ι.
