<?xml version="1.0" encoding="UTF-8"?>
<!DOCTYPE html PUBLIC "-//W3C//DTD XHTML 1.0 Transitional//EN"
    "http://www.w3.org/TR/xhtml1/DTD/xhtml1-transitional.dtd">
<html xmlns="http://www.w3.org/1999/xhtml" xml:lang="en" lang="en">
 <head>
  <title>
</title>
<meta http-equiv="Content-Type" content="text/html;charset=utf-8" />
  <meta name='ocr-system' content='tesseract 3.04.00' />
  <meta name='ocr-capabilities' content='ocr_page ocr_carea ocr_par ocr_line ocrx_word'/>
</head>
<body>
  <div class='ocr_page' id='page_1' title='image "./desedibusetcaus06adelgoog_0261.png"; bbox 0 0 2774 4666; ppageno 0'>
   <div class='ocr_carea' id='block_1_1' title="bbox 296 445 1126 531">
    <p class='ocr_par' dir='ltr' id='par_1_1' title="bbox 296 445 1126 531">
     <span class='ocr_line' id='line_1_1' title="bbox 296 445 1126 531; baseline -0.005 -15"><span class='ocrx_word' id='word_1_1' title='bbox 296 445 367 531; x_wconf 71' lang='lat'>246</span> <span class='ocrx_word' id='word_1_2' title='bbox 459 464 505 514; x_wconf 79' lang='lat' dir='ltr'>na</span> <span class='ocrx_word' id='word_1_3' title='bbox 531 462 676 513; x_wconf 80' lang='lat' dir='ltr'>armans</span> <span class='ocrx_word' id='word_1_4' title='bbox 700 465 744 512; x_wconf 84' lang='lat' dir='ltr'>rr</span> <span class='ocrx_word' id='word_1_5' title='bbox 769 461 892 513; x_wconf 76' lang='lat' dir='ltr'>causis</span> <span class='ocrx_word' id='word_1_6' title='bbox 917 464 1126 513; x_wconf 70' lang='lat' dir='ltr'>rossoton</span> 
     </span>
    </p>
   </div>
   <div class='ocr_carea' id='block_1_2' title="bbox 187 577 1376 2909">
    <p class='ocr_par' dir='ltr' id='par_1_2' title="bbox 294 577 1369 794">
     <span class='ocr_line' id='line_1_2' title="bbox 294 577 1281 678; baseline 0.003 -28"><span class='ocrx_word' id='word_1_7' title='bbox 294 581 523 678; x_wconf 82' lang='lat' dir='ltr'>pluraquam</span> <span class='ocrx_word' id='word_1_8' title='bbox 542 581 698 666; x_wconf 82' lang='lat' dir='ltr'>soleret,</span> <span class='ocrx_word' id='word_1_9' title='bbox 713 577 867 667; x_wconf 78' lang='lat' dir='ltr'>edisset,</span> <span class='ocrx_word' id='word_1_10' title='bbox 881 579 930 650; x_wconf 88' lang='lat' dir='ltr'>de</span> <span class='ocrx_word' id='word_1_11' title='bbox 944 579 1150 676; x_wconf 88' lang='lat' dir='ltr'>improviso</span> <span class='ocrx_word' id='word_1_12' title='bbox 1163 581 1281 653; x_wconf 86' lang='lat' dir='ltr'>oculos</span> 
     </span>
     <span class='ocr_line' id='line_1_3' title="bbox 294 696 867 794; baseline -0.009 -26"><span class='ocrx_word' id='word_1_13' title='bbox 294 711 466 794; x_wconf 80' lang='lat' dir='ltr'><strong>torquet,</strong></span> <span class='ocrx_word' id='word_1_14' title='bbox 480 696 680 792; x_wconf 77' lang='lat' dir='ltr'><strong>statimque</strong></span> <span class='ocrx_word' id='word_1_15' title='bbox 692 696 867 766; x_wconf 86' lang='lat' dir='ltr'>moritur.</span> 
     </span>
    </p>

    <p class='ocr_par' dir='ltr' id='par_1_3' title="bbox 187 813 1372 1381">
     <span class='ocr_line' id='line_1_4' title="bbox 343 813 1280 912; baseline 0.002 -27"><span class='ocrx_word' id='word_1_16' title='bbox 343 820 506 903; x_wconf 84' lang='lat' dir='ltr'>Ventre,</span> <span class='ocrx_word' id='word_1_17' title='bbox 528 814 701 900; x_wconf 81' lang='lat' dir='ltr'>thorace,</span> <span class='ocrx_word' id='word_1_18' title='bbox 724 815 855 884; x_wconf 88' lang='lat' dir='ltr'>cranio</span> <span class='ocrx_word' id='word_1_19' title='bbox 876 839 897 885; x_wconf 89' lang='lat' dir='ltr'>a</span> <span class='ocrx_word' id='word_1_20' title='bbox 919 837 981 885; x_wconf 87' lang='lat' dir='ltr'>me</span> <span class='ocrx_word' id='word_1_21' title='bbox 1003 813 1233 912; x_wconf 78' lang='lat' dir='ltr'>perlustratis</span> <span class='ocrx_word' id='word_1_22' title='bbox 1248 819 1280 887; x_wconf 90' lang='lat' dir='ltr'>in</span> 
     </span>
     <span class='ocr_line' id='line_1_5' title="bbox 294 928 1282 1021; baseline 0.003 -21"><span class='ocrx_word' id='word_1_23' title='bbox 294 930 522 1001; x_wconf 81' lang='lat' dir='ltr'>Bononiensi</span> <span class='ocrx_word' id='word_1_24' title='bbox 547 928 812 1001; x_wconf 64' lang='lat' dir='ltr'>incurabilium</span> <span class='ocrx_word' id='word_1_25' title='bbox 843 931 1086 1019; x_wconf 83' lang='lat' dir='ltr'>nosocomio,</span> <span class='ocrx_word' id='word_1_26' title='bbox 1108 954 1226 1021; x_wconf 82' lang='lat' dir='ltr'>annu,</span> <span class='ocrx_word' id='word_1_27' title='bbox 1246 949 1282 1003; x_wconf 89' lang='lat' dir='ltr'>ut</span> 
     </span>
     <span class='ocr_line' id='line_1_6' title="bbox 187 1046 1371 1149; baseline 0.003 -32"><span class='ocrx_word' id='word_1_28' title='bbox 187 1120 192 1127; x_wconf 74' lang='grc'><strong><em>,</em></strong></span> <span class='ocrx_word' id='word_1_29' title='bbox 293 1048 451 1145; x_wconf 78' lang='lat' dir='ltr'>opinor,</span> <span class='ocrx_word' id='word_1_30' title='bbox 472 1053 588 1147; x_wconf 69' lang='lat'>1704,</span> <span class='ocrx_word' id='word_1_31' title='bbox 615 1046 712 1117; x_wconf 89' lang='lat' dir='ltr'>nihil</span> <span class='ocrx_word' id='word_1_32' title='bbox 733 1047 956 1146; x_wconf 21' lang='lat' dir='ltr'>intsingulis</span> <span class='ocrx_word' id='word_1_33' title='bbox 978 1049 1024 1121; x_wconf 84' lang='lat' dir='ltr'>iis</span> <span class='ocrx_word' id='word_1_34' title='bbox 1045 1052 1169 1124; x_wconf 83' lang='lat' dir='ltr'>caveis</span> <span class='ocrx_word' id='word_1_35' title='bbox 1188 1051 1282 1149; x_wconf 88' lang='lat' dir='ltr'>quod</span> <span class='ocrx_word' id='word_1_36' title='bbox 1370 1110 1371 1135; x_wconf 66' lang='lat'>,</span> 
     </span>
     <span class='ocr_line' id='line_1_7' title="bbox 292 1165 1283 1262; baseline 0.007 -28"><span class='ocrx_word' id='word_1_37' title='bbox 292 1166 510 1236; x_wconf 90' lang='lat' dir='ltr'>morbidum</span> <span class='ocrx_word' id='word_1_38' title='bbox 550 1165 670 1236; x_wconf 85' lang='lat' dir='ltr'>videri</span> <span class='ocrx_word' id='word_1_39' title='bbox 715 1180 872 1262; x_wconf 87' lang='lat' dir='ltr'>posset,</span> <span class='ocrx_word' id='word_1_40' title='bbox 913 1168 1188 1257; x_wconf 86' lang='lat' dir='ltr'>animadverti,</span> <span class='ocrx_word' id='word_1_41' title='bbox 1221 1170 1283 1241; x_wconf 87' lang='lat' dir='ltr'>nisi</span> 
     </span>
     <span class='ocr_line' id='line_1_8' title="bbox 290 1266 1372 1381; baseline 0 -26"><span class='ocrx_word' id='word_1_42' title='bbox 290 1306 448 1381; x_wconf 84' lang='lat' dir='ltr'>aquam,</span> <span class='ocrx_word' id='word_1_43' title='bbox 468 1306 628 1380; x_wconf 86' lang='lat' dir='ltr'>eamque</span> <span class='ocrx_word' id='word_1_44' title='bbox 644 1307 723 1353; x_wconf 92' lang='lat' dir='ltr'>non</span> <span class='ocrx_word' id='word_1_45' title='bbox 742 1283 909 1355; x_wconf 84' lang='lat' dir='ltr'>multam.</span> <span class='ocrx_word' id='word_1_46' title='bbox 1371 1266 1372 1283; x_wconf 36' lang='lat'>¹</span> 
     </span>
    </p>

    <p class='ocr_par' dir='ltr' id='par_1_4' title="bbox 224 1401 1376 2909">
     <span class='ocr_line' id='line_1_9' title="bbox 344 1401 1283 1498; baseline 0.002 -26"><span class='ocrx_word' id='word_1_47' title='bbox 344 1424 400 1496; x_wconf 68' lang='lat' dir='ltr'>ap</span> <span class='ocrx_word' id='word_1_48' title='bbox 426 1402 654 1498; x_wconf 83' lang='lat' dir='ltr'>Quanquam</span> <span class='ocrx_word' id='word_1_49' title='bbox 675 1402 715 1470; x_wconf 92' lang='lat' dir='ltr'>in</span> <span class='ocrx_word' id='word_1_50' title='bbox 741 1403 984 1473; x_wconf 73' lang='lat' dir='ltr'>contorsione</span> <span class='ocrx_word' id='word_1_51' title='bbox 1008 1401 1070 1473; x_wconf 89' lang='lat' dir='ltr'>illa</span> <span class='ocrx_word' id='word_1_52' title='bbox 1094 1403 1283 1475; x_wconf 89' lang='lat' dir='ltr'>oculorum</span> 
     </span>
     <span class='ocr_line' id='line_1_10' title="bbox 292 1512 1373 1617; baseline -0.001 -25"><span class='ocrx_word' id='word_1_53' title='bbox 292 1521 441 1617; x_wconf 77' lang='lat' dir='ltr'>signum</span> <span class='ocrx_word' id='word_1_54' title='bbox 455 1519 710 1590; x_wconf 81' lang='lat' dir='ltr'>convulsionis</span> <span class='ocrx_word' id='word_1_55' title='bbox 725 1518 829 1590; x_wconf 89' lang='lat' dir='ltr'>haud</span> <span class='ocrx_word' id='word_1_56' title='bbox 844 1512 983 1607; x_wconf 84' lang='lat' dir='ltr'>deluit,</span> <span class='ocrx_word' id='word_1_57' title='bbox 1001 1534 1166 1591; x_wconf 75' lang='lat' dir='ltr'>attamen</span> <span class='ocrx_word' id='word_1_58' title='bbox 1184 1522 1214 1592; x_wconf 87' lang='lat' dir='ltr'>si</span> <span class='ocrx_word' id='word_1_59' title='bbox 1231 1519 1284 1591; x_wconf 88' lang='lat' dir='ltr'>bic</span> <span class='ocrx_word' id='word_1_60' title='bbox 1372 1602 1373 1611; x_wconf 8' lang='grc' dir='ltr'>ἵ</span> 
     </span>
     <span class='ocr_line' id='line_1_11' title="bbox 291 1624 1373 1736; baseline -0.001 -27"><span class='ocrx_word' id='word_1_61' title='bbox 291 1639 610 1736; x_wconf 82' lang='lat' dir='ltr'>compressionem</span> <span class='ocrx_word' id='word_1_62' title='bbox 631 1637 759 1726; x_wconf 85' lang='lat' dir='ltr'>malis,</span> <span class='ocrx_word' id='word_1_63' title='bbox 779 1653 845 1708; x_wconf 85' lang='lat' dir='ltr'>aut</span> <span class='ocrx_word' id='word_1_64' title='bbox 868 1660 956 1708; x_wconf 91' lang='lat' dir='ltr'>cum</span> <span class='ocrx_word' id='word_1_65' title='bbox 978 1639 1223 1709; x_wconf 82' lang='lat' dir='ltr'>convulsione</span> <span class='ocrx_word' id='word_1_66' title='bbox 1249 1639 1285 1709; x_wconf 90' lang='lat' dir='ltr'>si·</span> <span class='ocrx_word' id='word_1_67' title='bbox 1372 1624 1373 1635; x_wconf 34' lang='lat'>¹</span> 
     </span>
     <span class='ocr_line' id='line_1_12' title="bbox 292 1756 1284 1854; baseline -0.001 -28"><span class='ocrx_word' id='word_1_68' title='bbox 292 1757 371 1826; x_wconf 86' lang='lat' dir='ltr'>mul</span> <span class='ocrx_word' id='word_1_69' title='bbox 388 1757 708 1854; x_wconf 85' lang='lat' dir='ltr'>compressionem</span> <span class='ocrx_word' id='word_1_70' title='bbox 727 1778 950 1853; x_wconf 81' lang='lat' dir='ltr'>agnoscere,</span> <span class='ocrx_word' id='word_1_71' title='bbox 966 1780 1035 1854; x_wconf 84' lang='lat' dir='ltr'>per</span> <span class='ocrx_word' id='word_1_72' title='bbox 1057 1781 1119 1833; x_wconf 87' lang='lat' dir='ltr'>me</span> <span class='ocrx_word' id='word_1_73' title='bbox 1140 1756 1284 1854; x_wconf 87' lang='lat' dir='ltr'>quidem</span> 
     </span>
     <span class='ocr_line' id='line_1_13' title="bbox 292 1871 1285 1971; baseline 0.001 -30"><span class='ocrx_word' id='word_1_74' title='bbox 292 1873 389 1943; x_wconf 88' lang='lat' dir='ltr'>licet.</span> <span class='ocrx_word' id='word_1_75' title='bbox 406 1872 479 1943; x_wconf 88' lang='lat' dir='ltr'>Sed</span> <span class='ocrx_word' id='word_1_76' title='bbox 494 1871 648 1946; x_wconf 68' lang='lat' dir='ltr'>fortasse</span> <span class='ocrx_word' id='word_1_77' title='bbox 668 1873 748 1961; x_wconf 87' lang='lat' dir='ltr'>hic,</span> <span class='ocrx_word' id='word_1_78' title='bbox 767 1888 805 1944; x_wconf 89' lang='lat' dir='ltr'>et</span> <span class='ocrx_word' id='word_1_79' title='bbox 822 1874 993 1971; x_wconf 87' lang='lat' dir='ltr'>superius</span> <span class='ocrx_word' id='word_1_80' title='bbox 1009 1898 1167 1971; x_wconf 90' lang='lat' dir='ltr'>quoque</span> <span class='ocrx_word' id='word_1_81' title='bbox 1187 1873 1285 1944; x_wconf 90' lang='lat' dir='ltr'>dubi·</span> 
     </span>
     <span class='ocr_line' id='line_1_14' title="bbox 224 1980 1285 2094; baseline -0.001 -34"><span class='ocrx_word' id='word_1_82' title='bbox 224 2085 227 2094; x_wconf 24' lang='lat'>!</span> <span class='ocrx_word' id='word_1_83' title='bbox 290 1990 445 2077; x_wconf 83' lang='lat' dir='ltr'>taveris,</span> <span class='ocrx_word' id='word_1_84' title='bbox 467 1980 559 2060; x_wconf 82' lang='lat' dir='ltr'>num</span> <span class='ocrx_word' id='word_1_85' title='bbox 582 2005 683 2062; x_wconf 86' lang='lat' dir='ltr'>recte</span> <span class='ocrx_word' id='word_1_86' title='bbox 706 1988 837 2065; x_wconf 82' lang='lat' dir='ltr'>faciam</span> <span class='ocrx_word' id='word_1_87' title='bbox 860 1993 926 2089; x_wconf 89' lang='lat' dir='ltr'>qui</span> <span class='ocrx_word' id='word_1_88' title='bbox 948 1993 1223 2090; x_wconf 86' lang='lat' dir='ltr'>compressioni</span> <span class='ocrx_word' id='word_1_89' title='bbox 1246 1990 1285 2060; x_wconf 88' lang='lat' dir='ltr'>ab</span> 
     </span>
     <span class='ocr_line' id='line_1_15' title="bbox 291 2110 1286 2207; baseline 0.001 -30"><span class='ocrx_word' id='word_1_90' title='bbox 291 2130 408 2203; x_wconf 77' lang='lat' dir='ltr'>aqua,</span> <span class='ocrx_word' id='word_1_91' title='bbox 431 2110 634 2206; x_wconf 81' lang='lat' dir='ltr'>praesertim</span> <span class='ocrx_word' id='word_1_92' title='bbox 661 2130 801 2207; x_wconf 85' lang='lat' dir='ltr'>pauca,</span> <span class='ocrx_word' id='word_1_93' title='bbox 827 2125 974 2181; x_wconf 88' lang='lat' dir='ltr'>tantum</span> <span class='ocrx_word' id='word_1_94' title='bbox 1000 2110 1176 2182; x_wconf 86' lang='lat' dir='ltr'>tribuam.</span> <span class='ocrx_word' id='word_1_95' title='bbox 1201 2111 1286 2180; x_wconf 88' lang='lat' dir='ltr'>Nam</span> 
     </span>
     <span class='ocr_line' id='line_1_16' title="bbox 291 2226 1288 2326; baseline 0 -31"><span class='ocrx_word' id='word_1_96' title='bbox 291 2226 457 2324; x_wconf 84' lang='lat' dir='ltr'>primum</span> <span class='ocrx_word' id='word_1_97' title='bbox 478 2226 633 2298; x_wconf 88' lang='lat' dir='ltr'>minime</span> <span class='ocrx_word' id='word_1_98' title='bbox 653 2229 826 2325; x_wconf 83' lang='lat' dir='ltr'>ignoras,</span> <span class='ocrx_word' id='word_1_99' title='bbox 846 2252 925 2301; x_wconf 87' lang='lat' dir='ltr'>esse</span> <span class='ocrx_word' id='word_1_100' title='bbox 943 2231 1063 2326; x_wconf 88' lang='lat' dir='ltr'>quiin</span> <span class='ocrx_word' id='word_1_101' title='bbox 1079 2228 1288 2300; x_wconf 80' lang='lat' dir='ltr'>ventriculis</span> 
     </span>
     <span class='ocr_line' id='line_1_17' title="bbox 293 2342 1288 2443; baseline 0.001 -31"><span class='ocrx_word' id='word_1_102' title='bbox 293 2342 439 2413; x_wconf 83' lang='lat' dir='ltr'>cerebri</span> <span class='ocrx_word' id='word_1_103' title='bbox 454 2368 621 2443; x_wconf 81' lang='lat' dir='ltr'>semper,</span> <span class='ocrx_word' id='word_1_104' title='bbox 639 2366 765 2443; x_wconf 81' lang='lat' dir='ltr'>eoque</span> <span class='ocrx_word' id='word_1_105' title='bbox 782 2342 992 2418; x_wconf 87' lang='lat' dir='ltr'>secundum</span> <span class='ocrx_word' id='word_1_106' title='bbox 1014 2362 1211 2434; x_wconf 85' lang='lat' dir='ltr'>naturam,</span> <span class='ocrx_word' id='word_1_107' title='bbox 1226 2359 1288 2416; x_wconf 84' lang='lat' dir='ltr'>sta·</span> 
     </span>
     <span class='ocr_line' id='line_1_18' title="bbox 292 2452 1376 2560; baseline 0 -29"><span class='ocrx_word' id='word_1_108' title='bbox 292 2476 400 2531; x_wconf 82' lang='lat' dir='ltr'>tuant</span> <span class='ocrx_word' id='word_1_109' title='bbox 412 2462 620 2560; x_wconf 85' lang='lat' dir='ltr'>pauxillum</span> <span class='ocrx_word' id='word_1_110' title='bbox 632 2486 757 2558; x_wconf 83' lang='lat' dir='ltr'>aquas:</span> <span class='ocrx_word' id='word_1_111' title='bbox 779 2461 914 2533; x_wconf 89' lang='lat' dir='ltr'>deinde</span> <span class='ocrx_word' id='word_1_112' title='bbox 925 2461 1158 2548; x_wconf 74' lang='lat' dir='ltr'>hancvtoes,</span> <span class='ocrx_word' id='word_1_113' title='bbox 1173 2461 1290 2559; x_wconf 74' lang='lat' dir='ltr'>copie</span> <span class='ocrx_word' id='word_1_114' title='bbox 1323 2474 1326 2479; x_wconf 75' lang='grc'><strong><em>’</em></strong></span> <span class='ocrx_word' id='word_1_115' title='bbox 1375 2452 1376 2531; x_wconf 76' lang='lat' dir='ltr'>l</span> 
     </span>
     <span class='ocr_line' id='line_1_19' title="bbox 293 2578 1289 2677; baseline -0.001 -27"><span class='ocrx_word' id='word_1_116' title='bbox 293 2581 428 2650; x_wconf 82' lang='lat' dir='ltr'>siorem</span> <span class='ocrx_word' id='word_1_117' title='bbox 437 2594 556 2667; x_wconf 84' lang='lat' dir='ltr'>certe,</span> <span class='ocrx_word' id='word_1_118' title='bbox 577 2600 692 2677; x_wconf 84' lang='lat' dir='ltr'>quam</span> <span class='ocrx_word' id='word_1_119' title='bbox 706 2582 745 2650; x_wconf 88' lang='lat' dir='ltr'>in</span> <span class='ocrx_word' id='word_1_120' title='bbox 763 2578 1289 2676; x_wconf 78' lang='lat' dir='ltr'>hydroceplaalointernoesse</span> 
     </span>
     <span class='ocr_line' id='line_1_20' title="bbox 291 2693 1291 2793; baseline -0.005 -26"><span class='ocrx_word' id='word_1_121' title='bbox 291 2718 371 2767; x_wconf 86' lang='lat' dir='ltr'>non</span> <span class='ocrx_word' id='word_1_122' title='bbox 390 2720 520 2793; x_wconf 87' lang='lat' dir='ltr'>posse,</span> <span class='ocrx_word' id='word_1_123' title='bbox 546 2710 725 2768; x_wconf 86' lang='lat' dir='ltr'>ettamen</span> <span class='ocrx_word' id='word_1_124' title='bbox 744 2696 933 2767; x_wconf 90' lang='lat' dir='ltr'>Vesalium</span> <span class='ocrx_word' id='word_1_125' title='bbox 953 2694 1008 2792; x_wconf 78' lang='lat' dir='ltr'>(a)</span> <span class='ocrx_word' id='word_1_126' title='bbox 1027 2697 1153 2792; x_wconf 90' lang='lat' dir='ltr'>quiin</span> <span class='ocrx_word' id='word_1_127' title='bbox 1173 2693 1291 2793; x_wconf 86' lang='lat' dir='ltr'>puella</span> 
     </span>
     <span class='ocr_line' id='line_1_21' title="bbox 292 2810 1291 2909; baseline -0.008 -22"><span class='ocrx_word' id='word_1_128' title='bbox 292 2815 441 2901; x_wconf 87' lang='lat' dir='ltr'>bienni,</span> <span class='ocrx_word' id='word_1_129' title='bbox 461 2838 507 2885; x_wconf 87' lang='lat' dir='ltr'>eo</span> <span class='ocrx_word' id='word_1_130' title='bbox 535 2813 673 2883; x_wconf 83' lang='lat' dir='ltr'>morbo</span> <span class='ocrx_word' id='word_1_131' title='bbox 699 2810 849 2900; x_wconf 78' lang='lat' dir='ltr'>affecta,</span> <span class='ocrx_word' id='word_1_132' title='bbox 866 2836 995 2885; x_wconf 67' lang='lat' dir='ltr'>rnorem</span> <span class='ocrx_word' id='word_1_133' title='bbox 1009 2815 1097 2903; x_wconf 66' lang='lat' dir='ltr'>fiere</span> <span class='ocrx_word' id='word_1_134' title='bbox 1116 2826 1231 2909; x_wconf 75' lang='lat' dir='ltr'>aquae</span> <span class='ocrx_word' id='word_1_135' title='bbox 1255 2811 1291 2881; x_wconf 80' lang='lat' dir='ltr'>li·</span> 
     </span>
    </p>
   </div>
   <div class='ocr_carea' id='block_1_3' title="bbox 72 2929 1293 3026">
    <p class='ocr_par' dir='ltr' id='par_1_5' title="bbox 72 2929 1293 3026">
     <span class='ocr_line' id='line_1_22' title="bbox 72 2929 1293 3026; baseline -0.003 -25"><span class='ocrx_word' id='word_1_136' title='bbox 72 2932 76 2941; x_wconf 74' lang='grc'><strong>“</strong></span> <span class='ocrx_word' id='word_1_137' title='bbox 179 3006 180 3009; x_wconf 50' lang='lat'>,</span> <span class='ocrx_word' id='word_1_138' title='bbox 293 2934 381 3002; x_wconf 82' lang='lat' dir='ltr'>bras</span> <span class='ocrx_word' id='word_1_139' title='bbox 393 2932 556 3017; x_wconf 86' lang='lat' dir='ltr'>invenit,</span> <span class='ocrx_word' id='word_1_140' title='bbox 569 2931 716 3017; x_wconf 89' lang='lat' dir='ltr'>testari,</span> <span class='ocrx_word' id='word_1_141' title='bbox 735 2929 837 3000; x_wconf 86' lang='lat' dir='ltr'>illam</span> <span class='ocrx_word' id='word_1_142' title='bbox 856 2930 1077 3000; x_wconf 81' lang='lat' dir='ltr'>admortem</span> <span class='ocrx_word' id='word_1_143' title='bbox 1092 2954 1212 3026; x_wconf 79' lang='lat' dir='ltr'>usque</span> <span class='ocrx_word' id='word_1_144' title='bbox 1223 2954 1293 3001; x_wconf 79' lang='lat' dir='ltr'>sen·</span> 
     </span>
    </p>
   </div>
   <div class='ocr_carea' id='block_1_4' title="bbox 290 3047 1323 3732">
    <p class='ocr_par' dir='ltr' id='par_1_6' title="bbox 290 3047 1323 3732">
     <span class='ocr_line' id='line_1_23' title="bbox 292 3047 1292 3144; baseline -0.007 -22"><span class='ocrx_word' id='word_1_145' title='bbox 292 3052 391 3122; x_wconf 78' lang='lat' dir='ltr'>sibus</span> <span class='ocrx_word' id='word_1_146' title='bbox 398 3048 809 3142; x_wconf 73' lang='lat' dir='ltr'>omnibus&#39;t‘ntegreesse</span> <span class='ocrx_word' id='word_1_147' title='bbox 821 3072 949 3133; x_wconf 79' lang='lat' dir='ltr'>usam,</span> <span class='ocrx_word' id='word_1_148' title='bbox 967 3047 1114 3117; x_wconf 64' lang='lat' dir='ltr'>ellarii</span> <span class='ocrx_word' id='word_1_149' title='bbox 1128 3047 1292 3144; x_wconf 87' lang='lat' dir='ltr'>quidem,</span> 
     </span>
     <span class='ocr_line' id='line_1_24' title="bbox 293 3161 1323 3262; baseline -0.005 -26"><span class='ocrx_word' id='word_1_150' title='bbox 293 3168 536 3262; x_wconf 68' lang='lat' dir='ltr'>infirmisque,</span> <span class='ocrx_word' id='word_1_151' title='bbox 554 3164 622 3235; x_wconf 85' lang='lat' dir='ltr'>sed</span> <span class='ocrx_word' id='word_1_152' title='bbox 635 3182 711 3234; x_wconf 77' lang='lat' dir='ltr'>non</span> <span class='ocrx_word' id='word_1_153' title='bbox 730 3164 901 3235; x_wconf 81' lang='lat' dir='ltr'>resolutis</span> <span class='ocrx_word' id='word_1_154' title='bbox 905 3166 1029 3255; x_wconf 82' lang='lat' dir='ltr'>fuisse</span> <span class='ocrx_word' id='word_1_155' title='bbox 1041 3164 1213 3235; x_wconf 79' lang='lat' dir='ltr'>articulis</span> <span class='ocrx_word' id='word_1_156' title='bbox 1228 3188 1237 3232; x_wconf 89' lang='lat'>.·</span> <span class='ocrx_word' id='word_1_157' title='bbox 1252 3161 1292 3232; x_wconf 77' lang='lat' dir='ltr'>all</span> <span class='ocrx_word' id='word_1_158' title='bbox 1320 3253 1323 3261; x_wconf 8' lang='lat' dir='ltr'>p</span> 
     </span>
     <span class='ocr_line' id='line_1_25' title="bbox 292 3282 1293 3377; baseline -0.003 -25"><span class='ocrx_word' id='word_1_159' title='bbox 292 3282 390 3372; x_wconf 83' lang='lat' dir='ltr'>baec,</span> <span class='ocrx_word' id='word_1_160' title='bbox 409 3298 577 3355; x_wconf 86' lang='lat' dir='ltr'>tumores</span> <span class='ocrx_word' id='word_1_161' title='bbox 590 3284 689 3353; x_wconf 86' lang='lat' dir='ltr'>intra</span> <span class='ocrx_word' id='word_1_162' title='bbox 702 3283 874 3352; x_wconf 84' lang='lat' dir='ltr'>omnium</span> <span class='ocrx_word' id='word_1_163' title='bbox 888 3283 1063 3352; x_wconf 84' lang='lat' dir='ltr'>inventos</span> <span class='ocrx_word' id='word_1_164' title='bbox 1085 3304 1183 3368; x_wconf 87' lang='lat' dir='ltr'>esse,</span> <span class='ocrx_word' id='word_1_165' title='bbox 1203 3302 1293 3377; x_wconf 86' lang='lat' dir='ltr'>qaos</span> 
     </span>
     <span class='ocr_line' id='line_1_26' title="bbox 292 3397 1292 3498; baseline -0.003 -28"><span class='ocrx_word' id='word_1_166' title='bbox 292 3400 398 3471; x_wconf 85' lang='lat' dir='ltr'>nulla</span> <span class='ocrx_word' id='word_1_167' title='bbox 415 3416 618 3472; x_wconf 87' lang='lat' dir='ltr'>consecuta</span> <span class='ocrx_word' id='word_1_168' title='bbox 636 3414 716 3472; x_wconf 88' lang='lat' dir='ltr'>erat</span> <span class='ocrx_word' id='word_1_169' title='bbox 731 3400 947 3498; x_wconf 80' lang='lat' dir='ltr'>apoplexia,</span> <span class='ocrx_word' id='word_1_170' title='bbox 969 3423 1015 3468; x_wconf 83' lang='lat' dir='ltr'>ex</span> <span class='ocrx_word' id='word_1_171' title='bbox 1034 3398 1133 3469; x_wconf 81' lang='lat' dir='ltr'>bene</span> <span class='ocrx_word' id='word_1_172' title='bbox 1151 3397 1292 3482; x_wconf 88' lang='lat' dir='ltr'>multis,</span> 
     </span>
     <span class='ocr_line' id='line_1_27' title="bbox 290 3516 1294 3616; baseline 0 -31"><span class='ocrx_word' id='word_1_173' title='bbox 290 3518 350 3587; x_wconf 83' lang='lat' dir='ltr'>vel</span> <span class='ocrx_word' id='word_1_174' title='bbox 368 3519 408 3588; x_wconf 89' lang='lat' dir='ltr'>in</span> <span class='ocrx_word' id='word_1_175' title='bbox 422 3517 668 3616; x_wconf 77' lang='lat' dir='ltr'>Sepulcbreto</span> <span class='ocrx_word' id='word_1_176' title='bbox 691 3516 833 3605; x_wconf 86' lang='lat' dir='ltr'>obviis,</span> <span class='ocrx_word' id='word_1_177' title='bbox 861 3516 1174 3607; x_wconf 85' lang='lat' dir='ltr'>dissectionibus,</span> <span class='ocrx_word' id='word_1_178' title='bbox 1205 3539 1294 3614; x_wconf 81' lang='lat' dir='ltr'>prc-</span> 
     </span>
     <span class='ocr_line' id='line_1_28' title="bbox 291 3632 1295 3732; baseline -0.003 -28"><span class='ocrx_word' id='word_1_179' title='bbox 291 3635 389 3707; x_wconf 83' lang='lat' dir='ltr'>clare</span> <span class='ocrx_word' id='word_1_180' title='bbox 406 3638 519 3708; x_wconf 85' lang='lat' dir='ltr'>nosti.</span> <span class='ocrx_word' id='word_1_181' title='bbox 535 3641 695 3724; x_wconf 82' lang='lat' dir='ltr'>Verum,</span> <span class='ocrx_word' id='word_1_182' title='bbox 715 3650 758 3707; x_wconf 89' lang='lat' dir='ltr'>ut</span> <span class='ocrx_word' id='word_1_183' title='bbox 782 3635 831 3707; x_wconf 85' lang='lat' dir='ltr'>ab</span> <span class='ocrx_word' id='word_1_184' title='bbox 858 3632 962 3708; x_wconf 82' lang='lat' dir='ltr'>hisce</span> <span class='ocrx_word' id='word_1_185' title='bbox 984 3636 1128 3707; x_wconf 85' lang='lat' dir='ltr'>ultimis</span> <span class='ocrx_word' id='word_1_186' title='bbox 1141 3634 1295 3732; x_wconf 75' lang='lat' dir='ltr'>incipio·</span> 
     </span>
    </p>
   </div>
   <div class='ocr_carea' id='block_1_5' title="bbox 291 3917 1290 4091">
    <p class='ocr_par' dir='ltr' id='par_1_7' title="bbox 291 3917 1290 4091">
     <span class='ocr_line' id='line_1_29' title="bbox 329 3917 1290 3997; baseline 0.011 -23"><span class='ocrx_word' id='word_1_187' title='bbox 329 3920 374 3996; x_wconf 88' lang='lat'>(1)</span> <span class='ocrx_word' id='word_1_188' title='bbox 394 3924 439 3976; x_wconf 91' lang='lat' dir='ltr'>De</span> <span class='ocrx_word' id='word_1_189' title='bbox 452 3939 536 3995; x_wconf 90' lang='lat' dir='ltr'>corp.</span> <span class='ocrx_word' id='word_1_190' title='bbox 553 3923 636 3978; x_wconf 85' lang='lat' dir='ltr'>hum.</span> <span class='ocrx_word' id='word_1_191' title='bbox 656 3923 733 3979; x_wconf 86' lang='lat' dir='ltr'>fabr.</span> <span class='ocrx_word' id='word_1_192' title='bbox 757 3924 777 3981; x_wconf 89' lang='lat' dir='ltr'>l.</span> <span class='ocrx_word' id='word_1_193' title='bbox 794 3943 818 3994; x_wconf 86' lang='lat' dir='ltr'>r,</span> <span class='ocrx_word' id='word_1_194' title='bbox 830 3944 855 3980; x_wconf 86' lang='lat' dir='ltr'>c.</span> <span class='ocrx_word' id='word_1_195' title='bbox 877 3922 904 3979; x_wconf 80' lang='lat'>5.</span> <span class='ocrx_word' id='word_1_196' title='bbox 919 3923 988 3980; x_wconf 79' lang='lat' dir='ltr'>vid.</span> <span class='ocrx_word' id='word_1_197' title='bbox 1003 3933 1031 3980; x_wconf 86' lang='lat' dir='ltr'>et</span> <span class='ocrx_word' id='word_1_198' title='bbox 1051 3917 1207 3997; x_wconf 82' lang='lat' dir='ltr'>Sepulchr·</span> <span class='ocrx_word' id='word_1_199' title='bbox 1221 3920 1241 3977; x_wconf 90' lang='lat' dir='ltr'>l·</span> <span class='ocrx_word' id='word_1_200' title='bbox 1262 3936 1290 3985; x_wconf 62' lang='lat'>1,</span> 
     </span>
     <span class='ocr_line' id='line_1_30' title="bbox 291 4019 516 4091; baseline -0.009 -15"><span class='ocrx_word' id='word_1_201' title='bbox 291 4038 314 4076; x_wconf 77' lang='lat' dir='ltr'>a.</span> <span class='ocrx_word' id='word_1_202' title='bbox 335 4020 370 4075; x_wconf 83' lang='lat'>16</span> <span class='ocrx_word' id='word_1_203' title='bbox 381 4061 389 4091; x_wconf 96' lang='lat'>,</span> <span class='ocrx_word' id='word_1_204' title='bbox 400 4022 470 4076; x_wconf 85' lang='lat' dir='ltr'>obs.</span> <span class='ocrx_word' id='word_1_205' title='bbox 482 4019 516 4076; x_wconf 80' lang='lat'>6.</span> 
     </span>
    </p>
   </div>
   <div class='ocr_carea' id='block_1_6' title="bbox 0 0 1398 4666">
    <p class='ocr_par' dir='ltr' id='par_1_8' title="bbox 0 0 1398 4666">
     <span class='ocr_line' id='line_1_31' title="bbox 0 0 1398 4666; baseline 0 0"><span class='ocrx_word' id='word_1_206' title='bbox 0 0 1398 4666; x_wconf 95' lang='lat' dir='ltr'> </span> 
     </span>
    </p>
   </div>
  </div>
 </body>
</html>
