2784 4668
306 437 373 522 164
461 454 507 499 na
533 445 677 496 sasinus
702 447 746 492 rr
771 444 1129 497 mansionariorum

299 567 478 642 babebis:
500 583 601 632 nuuc
621 573 746 629 autem
764 585 808 630 ex
827 559 982 657 reliquis
998 560 1044 631 ad
1057 564 1298 660 sanguineam

300 683 531 785 apoplexiam
553 675 808 774 spectantibus
836 699 897 748 eas
929 678 1060 749 saltem
1089 705 1181 776 quas
1211 682 1318 774 ille,

299 818 335 873 et
347 824 417 896 ego
431 795 577 892 scriptis
592 792 870 881 commisimus,
888 793 927 861 in
947 795 1207 891 superioribus
1221 797 1299 894 (1),

298 934 335 990 et
351 918 390 986 in
411 914 469 984 his
485 911 617 981 litteris
643 907 696 1005 (a)
720 908 926 1006 descriptas
945 910 1082 1001 habes,
1101 898 1302 985 habiturus

295 1034 415 1108 multo
445 1029 595 1128 plures,
614 1028 645 1097 si
661 1025 727 1096 ubi
748 1025 794 1096 de
818 1028 1005 1122 ejusmodi
1025 1029 1300 1103 observationi-

295 1153 366 1225 bus
387 1149 528 1245 agitur,
545 1144 620 1214 suis
641 1168 728 1214 cum
747 1144 1036 1237 circumstantiis
1058 1148 1191 1245 utique
1210 1172 1302 1246 pro·

295 1264 503 1371 ponendis,
536 1274 621 1357 post
654 1258 808 1358 aliquod
847 1262 1085 1357 interjectum
1122 1279 1299 1364 tempus,

294 1410 386 1460 mea
409 1379 479 1452 soli
502 1379 692 1449 memoriae
722 1375 914 1448 confidere
939 1381 1025 1450 satis
1046 1405 1297 1456 consuessem.

293 1510 428 1577 Earum
448 1498 564 1594 igitur
578 1494 666 1567 loco
683 1520 775 1592 quas
799 1495 950 1568 obeam
971 1521 1119 1570 causam
1142 1501 1299 1590 omitto,

294 1617 483 1693 absolvam
507 1613 570 1683 hic
594 1612 664 1683 tibi
684 1638 799 1685 unam
824 1613 1045 1710 quamdam,
1063 1615 1245 1687 Valsalvae
1266 1635 1300 1690 et

293 1736 387 1811 mihi
404 1754 646 1803 communem
662 1757 672 1818 3
692 1755 779 1800 nam
797 1729 974 1801 morbum
993 1757 1063 1830 ego
1082 1732 1300 1824 observavi,

295 1866 411 1951 caput
428 1862 554 1920 autem
571 1868 720 1918 mecum
741 1851 822 1946 ipse
841 1847 1039 1939 dissecuit,
1057 1850 1299 1951 historiaeque

293 1973 392 2044 illius
412 1981 557 2038 tantum
582 1965 700 2037 edidit
726 1965 801 2063 (3),
828 1983 1012 2064 quantum
1034 1984 1113 2040 erat
1140 1974 1300 2070 proprio

292 2089 463 2163 instituto
481 2085 568 2157 satis
587 2108 633 2154 eo
649 2098 831 2182 tempore.
853 2088 911 2155 Sic
929 2100 1052 2157 autem
1063 2112 1134 2184 ego
1153 2114 1299 2161 memo-

292 2208 354 2279 riae
374 2227 482 2277 causa
504 2203 780 2296 adnotaveram.
1386 2190 1387 2193 ¹

345 2324 398 2394 16.
432 2321 500 2390 Vir
528 2319 775 2418 quadraginta
812 2345 931 2392 armos
968 2338 1096 2410 natus,
1127 2349 1173 2394 ex
1203 2328 1298 2397 meri

292 2439 410 2514 abusu
433 2437 608 2535 vertigini
638 2435 844 2525 obnoxiam,
872 2439 1068 2535 apoplexia
1097 2458 1299 2540 correptus

293 2573 349 2631 est
365 2554 436 2626 sub
453 2555 601 2625 initium
619 2551 797 2625 februarii
811 2557 900 2626 anni
914 2556 1018 2652 1703.
1029 2557 1167 2628 Eadem
1179 2556 1298 2641 ferme

291 2675 386 2747 hora
413 2672 453 2741 in
479 2671 717 2742 Bononiense
740 2674 773 2740 S.
808 2673 932 2742 Mariae
952 2673 999 2743 de
1026 2678 1115 2744 Vita
1134 2700 1298 2748 nosoco-

292 2792 410 2864 mium
430 2788 593 2876 delatus,
614 2789 817 2885 cumipse,
837 2805 880 2860 ut
894 2790 1064 2887 quotidie
1082 2816 1194 2863 mane
1217 2808 1296 2864 tum

294 2906 479 2996 solebam,
499 2906 688 2994 adessem,
713 2907 789 3000 jam
809 2931 935 3005 perse
960 2909 1136 2980 nonnihil
1153 2911 1297 2983 levatus

293 3023 507 3125 apparebat.
517 3028 711 3119 Imperant
723 3025 880 3113 medici,
896 3051 1006 3098 crura
1015 3042 1052 3098 et
1064 3026 1179 3124 pedes
1186 3030 1298 3102 vehe-

292 3155 441 3215 menter
460 3136 674 3236 perfricari,
696 3141 867 3237 spiritum
887 3143 971 3214 salis
986 3146 1214 3216 ammoniaci
1230 3172 1297 3218 na-

292 3259 399 3333 ribus
427 3257 614 3353 supponi,
643 3259 735 3355 quin
762 3274 798 3331 et
825 3275 946 3357 guttas
974 3263 1054 3357 ejus
1073 3263 1229 3358 aliquot
1253 3289 1311 3336 er

293 3400 390 3474 aqua
409 3374 545 3444 idonea
563 3374 602 3443 in
618 3374 665 3446 os‘
680 3377 852 3465 immitti,
870 3379 1091 3476 sanguinem
1106 3377 1296 3450 ebrachio

294 3493 414 3566 educi,
427 3490 593 3562 Eductus
604 3507 660 3562 est
679 3517 699 3605 e
719 3493 891 3582 sinistr0,
911 3519 984 3592 qua
1001 3522 1045 3567 ex
1055 3511 1161 3593 parte
1174 3500 1297 3593 major

282 3820 286 3831 ‘
333 3810 377 3888 (ι)
398 3810 491 3886 Epist.
508 3829 541 3880 a,
557 3830 586 3865 n.
601 3829 637 3884 9,
655 3828 705 3879 11,
725 3811 774 3881 13,
793 3810 843 3881 15,
863 3830 908 3883 17.

333 3902 623 3988 (2)N.2,1'1‚1l..

333 4010 376 4088 (3)
398 4012 497 4066 Tract.
514 4010 550 4065 de
561 4010 642 4064 Aure
656 4027 682 4064 c.
701 4026 734 4080 a,
753 4028 784 4064 n.
803 4014 854 4081 14,
870 4008 968 4066 infin.
