2798 4668
164 428 168 437 ’
283 415 356 492 612
449 437 496 487 nn
522 435 668 485 sumnus
692 437 736 483 nr
762 435 885 484 cins1s
911 435 1121 484 nonnonnu

284 552 441 650 aliisque
459 551 603 647 Mayeri
619 548 696 645 (1),
713 564 751 621 et
766 548 1050 622 Kaltschmiedii
1069 548 1136 647 (α)
1155 553 1277 622 Facta·

283 693 393 754 meu,
418 666 449 736 si
466 662 548 737 fieri
568 679 710 763 potest,
737 663 816 735 haec
840 688 995 762 quoque
1015 667 1279 754 internoscere,

284 784 532 880 eamdemque
548 783 619 855 sihi
635 781 850 855 felicitatem
871 784 1008 881 (quam
1026 785 1228 882 aliquando
1244 787 1278 856 in

285 901 522 989 adultorum,
544 925 772 999 eorumque,
786 924 873 971 cum
887 900 986 993 bene
1001 901 1191 991 valerent,
1209 926 1280 1001 per·
1293 923 1297 932 ·
1364 988 1365 991 Ἴ

285 1043 483 1094 cnssorum
498 1017 655 1114 ictibus)
674 1017 960 1115 hydrocephalo
974 1015 1162 1091 infantum
1185 1018 1281 1115 polli-

286 1137 363 1224 ceri
380 1158 508 1234 posse,
525 1134 564 1205 in
583 1133 846 1232 meningibus,
871 1136 900 1206 si
916 1158 1013 1233 opus
1031 1151 1106 1224 est,
1125 1134 1283 1208 incideu·
1365 1176 1366 1187 κ

286 1251 356 1339 dis,
364 1266 402 1325 et
415 1250 565 1336 deinde,
578 1253 750 1349 quamvis
765 1251 875 1340 laxe,
890 1269 956 1324 aut
967 1254 1115 1344 lacerae,
1125 1270 1190 1328 aut
1198 1279 1282 1327 cras·

286 1394 333 1446 sae
352 1367 454 1441 factm
473 1370 567 1458 sint,
591 1368 638 1439 ad
656 1370 866 1442 cicatricem
881 1371 1140 1469 perducendis
1152 1399 1163 1462 ;
1176 1372 1283 1471 quid?

287 1489 318 1563 si
333 1485 532 1559 cerebrum
546 1485 700 1557 humori
716 1485 870 1582 quidem
883 1487 1017 1577 subsit,
1031 1488 1098 1561 sed
1117 1505 1194 1560 tam
1207 1487 1283 1560 flac·

288 1602 439 1691 cidum,
462 1604 524 1674 vix
540 1617 582 1673 ut
606 1603 647 1674 in
672 1626 718 1674 eo
737 1604 996 1677 internoscere
1019 1606 1230 1703 quidquam
1247 1605 1284 1675 li·

289 1733 370 1793 ceat
385 1734 521 1818 praeter
547 1721 764 1792 cortiealem
785 1734 822 1791 et
847 1720 1097 1794 medullarem
1123 1723 1283 1796 substan·

288 1837 397 1919 tiam,
410 1838 565 1910 velutin
580 1837 696 1909 modo
713 1837 872 1910 laudatis
887 1840 1046 1936 Mayeri‚
1061 1855 1099 1911 et
1115 1837 1286 1937 Zwingeri

289 1952 634 2027 observationibus:
651 1949 771 2051 quid?
787 1956 818 2027 si
836 1954 906 2031 sub
922 1957 1103 2046 conticuli,
1116 1955 1286 2029 medulla·

161 2107 166 2118 ·
288 2077 341 2145 ris
364 2087 448 2143 tota
468 2088 670 2171 corrupta,
702 2088 739 2142 et
758 2078 796 2142 in
815 2098 957 2170 aquam
977 2078 1233 2159 converterit,
1251 2085 1286 2142 ut

290 2191 329 2260 in
343 2213 463 2286 puero
473 2189 538 2259 illo
554 2186 729 2258 Tombini
745 2187 818 2286 (3),
834 2189 972 2288 dequo
985 2193 1097 2263 etiam
1111 2192 1154 2263 in
1169 2188 1287 2287 Sepul-

291 2305 424 2379 chreto
438 2305 493 2403 (4)
513 2305 673 2380 relatum
690 2321 744 2377 est
760 2333 767 2375 :
782 2307 876 2404 quid
888 2308 902 2379 l
916 2310 946 2381 si
962 2290 1085 2381 totum
1099 2307 1301 2382 cerebrun‘

293 2424 393 2500 sitin
411 2448 552 2521 aquam
570 2446 776 2509 mucosum,
795 2425 913 2495 autin
927 2425 1150 2524 limpidam,
1166 2439 1288 2497 etsan·
1368 2438 1369 2517 ξ

287 2546 403 2638 guine
406 2564 536 2638 pauco
555 2545 707 2610 tinctam
719 2539 895 2629 solutum,
906 2556 948 2613 ut
958 2543 999 2612 in
1014 2542 1088 2614 illis
1097 2540 1287 2615 Kercluin·

294 2659 344 2756 gii
361 2655 434 2753 (ὅ),
451 2671 487 2729 et
500 2653 723 2753 Laufferiffi)
744 2683 752 2726 ε
773 2672 855 2747 aut,
877 2660 1059 2756 quoniam
1082 2658 1161 2730 hoc
1181 2659 1287 2729 rarius

296 2789 377 2862 est,
397 2773 512 2871 quid?
533 2775 563 2846 si
583 2773 630 2846 ab
648 2773 793 2846 inclusa
812 2776 1030 2851 ventriculis
1049 2801 1160 2873 aquae
1177 2775 1287 2871 copia,

295 2908 338 2969 ut
352 2894 391 2961 in
409 2886 572 2980 ducibus,
582 2914 676 2989 quas
690 2891 859 2985 Bohnius
868 2892 923 2991 (7)
937 2909 1211 2967 commemorat
1222 2895 1287 2963 Do·

297 3009 408 3087 durtii
428 3008 754 3085 observationibus
771 3034 834 3084 :en
851 3011 907 3087 vis
926 3010 1087 3110 cerebro
1108 3006 1286 3110 allataxsit,

404 3366 478 3439 Eph.
495 3367 533 3420 N.
547 3366 580 3421 C.
600 3366 684 3421 Cent.
703 3384 715 3419 1
732 3376 761 3425 et
773 3384 804 3437 u,
822 3367 885 3423 obs.
903 3385 968 3440 127.

403 3468 506 3541 Progr.
519 3465 556 3520 de
567 3464 666 3521 nervis
676 3465 777 3541 Optio.
787 3507 794 3536 ,
806 3477 861 3524 etc.
983 3518 985 3522 .

404 3569 471 3621 Act.
488 3564 569 3638 Lips.
584 3566 627 3620 M.
642 3567 720 3622 Nor.
734 3584 783 3623 an.
803 3567 888 3624 1686.

354 3365 383 3443 ι)

353 3465 382 3542 ²)

353 3565 384 3642 3)

354 3666 384 3743 t)
406 3668 483 3722 Sect.
501 3665 551 3720 cit.
569 3663 601 3719 in
616 3665 720 3721 Addit.
736 3667 800 3725 obs.
816 3668 845 3724 8.

373 3765 384 3841 )

373 3865 384 3941 )

373 3965 384 4042 )

230 3752 236 3761 ’
355 3764 371 3820 5
406 3763 693 3820 Sedead.0hs.11.

353 3864 371 3918 6
404 3863 482 3919 Diss.
496 3863 546 3921 cit.
560 3881 651 3938 supra
663 3864 743 3920 adn.
759 3864 788 3920 6.

196 3985 212 4017 ·.
240 4008 263 4045 ,λ
354 3984 370 4036 7
404 3964 595 4025 DtRenunc.
613 3966 797 4036 Vulner.,s.
812 3984 842 4037 α,
861 3987 887 4024 c.
903 3986 929 4023 1.

338 3365 350 3441 (

338 3463 351 3541 (

340 3564 352 3640 l

340 3665 352 3743 l

339 3767 352 3841 l

340 3864 352 3939 l
