2774 4666
204 460 272 509 rar.
300 462 325 507 1.
354 461 400 506 os
426 458 562 507 moesis
588 460 743 525 cirins,
769 462 880 510 rr1sr.
908 462 956 509 w.
1017 450 1087 536 2'19

78 572 201 644 initiis
214 574 294 643 suis
309 573 454 669 spinam
468 596 489 643 a
503 588 610 672 tergo
627 574 820 671 operirent
837 602 844 643 :
863 574 951 646 inde
962 573 1088 646 autem

80 705 302 762 antrorsum
327 712 367 761 se
393 690 577 762 continuo
608 689 860 782 inflectentes,
895 674 1089 791 spinaeque

83 808 185 880 latus
203 806 426 906 complexae,
441 808 540 879 inter
554 807 647 897 hoc,
659 823 695 881 et
714 834 751 882 se
769 812 867 908 ipsas
876 811 915 882 in
926 810 1092 884 thoracis

85 948 183 995 cavo
198 938 432 1023 peranguste
445 921 584 997 fissurae
599 926 716 997 instar
733 948 803 1025 per
814 942 936 999 totum
947 927 985 997 id
996 927 1093 999 latus

85 1040 369 1137 relinquebant.
393 1045 498 1113 Hanc
518 1043 633 1139 spinae
659 1041 838 1114 flexuram
862 1043 1094 1115 descendens

85 1173 197 1231 aorta
223 1157 442 1229 imitabatur
463 1160 618 1230 arteria:
634 1185 704 1230 nec
721 1159 879 1232 dubium
900 1176 979 1232 erat
1000 1162 1094 1257 quin

86 1274 303 1373 descriptus
326 1275 550 1361 ventriculi,
573 1291 610 1346 et
632 1277 706 1347 coli
728 1278 820 1348 situs
835 1277 923 1348 inde
939 1301 1094 1374 quoque
1173 1285 1175 1289 ’

84 1416 225 1490 magna
243 1416 288 1463 ex
304 1406 408 1489 parte
423 1393 662 1464 occasionem
688 1392 892 1466 habuisset.
916 1394 1094 1464 Thoracis

86 1526 216 1582 autem
226 1533 360 1580 cavum
370 1524 514 1606 quanto
525 1526 725 1608 propterea
741 1526 777 1582 et
792 1510 962 1599 brevius,
982 1527 1020 1582 et
1028 1536 1096 1581 an-

90 1629 238 1727 gustius
260 1623 394 1714 fuerit,
413 1625 518 1698 facile
540 1628 726 1725 intelligis.
754 1630 848 1698 Nam
875 1629 943 1699 etsi
965 1643 1096 1726 pectus

88 1746 213 1841 multo
229 1745 432 1816 convexius
447 1760 526 1817 erat
539 1744 586 1816 ad
608 1747 813 1834 anteriora,
828 1770 942 1843 quam
960 1746 1094 1818 soleat:

90 1865 256 1935 multum
274 1877 399 1932 tamen
416 1858 625 1952 latitudinis
649 1863 883 1935 sinistrarum
908 1865 1096 1936 costarum

92 1984 185 2054 situs
203 1978 442 2051 detrahebat:
461 1982 568 2077 spina
582 1995 724 2069 autem,
739 1996 775 2052 et
786 1997 975 2063 sternunt,
992 1983 1097 2081 quoti

92 2113 331 2198 segmentum
350 2098 482 2168 annuli
497 2098 805 2195 repraesentabat,
822 2115 967 2198 quanto
980 2102 1098 2199 magis

93 2242 207 2289 curva
221 2228 346 2301 erant,
363 2229 468 2285 tanto
487 2217 605 2316 magis
622 2240 811 2288 summum
836 2217 1098 2316 diaphragma-

92 2337 139 2407 tis
152 2331 338 2404 fornicem
350 2334 535 2430 supremis
549 2332 714 2405 thoracis
723 2331 862 2406 finibus
878 2336 1098 2434 propiorem

17 2460 20 2467 ’
95 2450 301 2538 faciebant3
316 2464 359 2520 ut
373 2448 516 2537 cordis,
538 2450 643 2547 quod
663 2453 791 2549 potius
807 2475 987 2549 magnum
1005 2468 1100 2541 erat,

94 2570 195 2641 basis
211 2592 357 2640 summa
374 2567 431 2637 sui
446 2581 553 2663 parte
570 2568 631 2637 vix
644 2593 665 2638 a
674 2568 809 2667 jugulo
826 2568 1016 2640 tantillum
1027 2569 1100 2640 dis·

97 2703 203 2760 taret.
217 2691 261 2757 In
271 2684 413 2774 cordis,
428 2684 647 2757 ventriculis
661 2689 812 2785 sanguis
821 2710 982 2786 paucus,
993 2689 1100 2784 isque

98 2819 322 2891 concretus,
345 2805 388 2873 in
412 2802 578 2874 auricula
595 2814 720 2875 autem
744 2790 895 2875 desitera
919 2803 1102 2901 polyposa

100 2923 308 3009 concretio,
325 2921 389 2993 sed
400 2923 542 3020 exigua.
561 2920 763 2994 P‘ulmones
778 2923 945 2992 anterius
955 2922 1103 3018 passim,

99 3041 288 3139 posterius
297 3053 421 3110 antem
430 3039 549 3110 altero
561 3041 755 3138 superiore
773 3038 863 3109 lobo
873 3062 959 3109 cum
972 3038 1104 3137 pleura

99 3158 263 3230 connexi
273 3171 379 3228 erant
389 3181 457 3255 per
466 3172 619 3243 tenues,
633 3157 844 3254 mollesque
854 3154 1102 3227 membranas.

98 3281 239 3375 Spuma
257 3290 336 3345 erat
361 3275 401 3344 in
424 3273 640 3363 bronchiis,
670 3273 809 3345 alicubi
832 3274 943 3347 etiam
972 3272 1105 3344 rubes-

101 3418 214 3479 cens,
230 3391 296 3464 sed
311 3415 509 3489 perpauca.
529 3397 713 3485 Caeterum
731 3379 953 3489 pulmones,
977 3414 1107 3489 aspera
1192 3428 1195 3432 ·

100 3511 252 3597 arteria,
267 3523 305 3581 et
322 3509 456 3606 laryux
469 3533 569 3580 sana.
587 3510 771 3597 Calvaria,
788 3533 871 3605 quae
882 3533 1003 3580 crassa
1014 3523 1108 3594 erat,
1204 3520 1219 3536 ··

100 3628 265 3715 sublata,
290 3642 327 3699 et
346 3627 448 3697 durae
463 3628 649 3724 meningis
668 3627 814 3699 sinibus
834 3627 982 3715 incisis,
999 3627 1039 3695 in
1061 3649 1107 3695 eo

101 3748 166 3843 qui
184 3743 288 3819 lalcis
306 3744 463 3833 dicitur,
483 3745 707 3816 levissimam
721 3745 945 3844 polyposam
959 3758 1109 3814 conere-

102 3865 267 3951 tionem,
295 3864 335 3932 in
356 3863 499 3934 laterali
525 3878 649 3935 autem
678 3864 832 3935 dextero
864 3876 1034 3934 coactum
1067 3861 1106 3927 in

102 4003 256 4081 grumos
270 3982 491 4078 sanguinem
512 3982 796 4079 conspeximus:
810 3994 936 4076 qnoet
956 3962 1105 4049 minora

281 4176 287 4247 l
