2798 4668
100 500 104 507 ,
214 450 281 497 nn.
309 447 335 496 1.
363 447 984 514 nnuountscir1r1s,nr1sr.111.
1039 426 1109 526 589

95 560 195 635 dere
214 563 377 661 poterit3
397 587 615 661 quanquam
632 565 824 661 aliquanto
842 562 1043 638 difficilius.
1062 572 1108 637 Et

93 705 193 752 sane
211 681 334 752 clarus
347 680 569 753 Pitschelius
586 680 639 778 (ι)
657 706 741 752 cum
763 682 802 751 in
822 681 1106 781 hydrocephalo

93 800 171 894 qui
187 797 446 895 duodeviginti
460 822 607 870 menses
625 800 784 887 vixerat,
803 815 987 896 quantum
1005 825 1106 872 cere-

92 914 164 984 bri
183 915 426 1011 colliquatum
450 929 565 1003 esset,
593 913 876 1013 oblongataeque
897 918 1008 987 etiam
1032 941 1107 989 rne-

95 1031 216 1103 dullae
228 1033 444 1129 perscribit,
457 1034 601 1105 nullam
614 1034 728 1130 hujus
737 1036 876 1125 trunci,
892 1036 1034 1107 nullam
1047 1060 1106 1108 ce-

66 1149 236 1221 *rebelli
247 1149 534 1224 dissolutionem
557 1167 751 1225 memorat.
763 1155 865 1244 Quin
886 1168 985 1225 certe
993 1158 1104 1225 Vesa-

95 1268 176 1339 lius
189 1265 244 1366 (ι)
257 1268 296 1339 in
308 1293 373 1342 sua
382 1270 445 1341 illa
454 1268 586 1342 bienni
597 1260 878 1371 hydroeephala
888 1270 1105 1343 cerebellum

94 1384 213 1473 vidit,
226 1386 437 1484 cerebrique
453 1390 667 1460 universam
682 1387 802 1461 basim
816 1389 1023 1461 secundum
1038 1415 1103 1462 na·

94 1517 224 1574 turam
242 1501 400 1593 habere3
417 1520 455 1577 et
471 1504 654 1579 Hildanus
670 1506 724 1604 (3)
741 1508 781 1576 in
798 1530 866 1578 suo
886 1508 1025 1578 trienni
1045 1533 1104 1579 ce-

94 1624 279 1696 rebellum
289 1626 330 1694 in
342 1637 444 1694 tanta
458 1622 604 1695 cerebri
618 1625 874 1695 attenuatione
891 1624 1045 1721 excipit,
1065 1640 1102 1696 et

94 1739 246 1838 reliqua
267 1748 305 1812 in
326 1742 468 1813 cerebri
484 1741 576 1810 basi.
598 1740 799 1813 Pechlinus
819 1765 971 1838 quoque
989 1742 1042 1839 (4)
1062 1745 1102 1814 in
1164 1828 1169 1849 n

94 1858 326 1957 septimestri
339 1857 472 1929 Hornii
482 1855 700 1928 cerebellum
713 1858 911 1954 conspexit
916 1858 1038 1956 plane
1050 1866 1102 1930 in·

95 1990 252 2070 regrum.
282 1973 354 2044 Sed
376 1974 417 2041 in
437 1970 572 2042 eodem
594 1970 740 2043 videbis
766 1987 911 2062 tamen,
939 1973 1103 2047 radicem

96 2092 242 2163 cerebri
249 2091 326 2186 jam
346 2094 383 2158 in
397 2089 521 2183 fibras
536 2086 760 2178 diffluxisse5
779 2103 821 2159 ut
841 2090 1042 2189 intelligas,
1061 2094 1100 2165 in

95 2205 371 2293 tenerioribus,
390 2219 427 2276 et
444 2205 565 2276 multo
586 2206 704 2308 magis
719 2206 759 2275 in
781 2203 932 2278 foetibus
951 2232 993 2278 ea
1007 2234 1102 2306 quo·

95 2349 175 2424 que
194 2325 235 2394 in
254 2321 410 2395 cerebro
427 2323 465 2391 vi
479 2347 584 2419 aquae
604 2322 757 2423 dissolvi
777 2323 962 2420 denique,
984 2341 1020 2396 et
1036 2326 1100 2398 ab·

95 2441 198 2516 sumi
213 2465 295 2538 quae
308 2442 426 2538 magis
435 2441 623 2528 resistunt,
637 2441 726 2536 quia
742 2446 780 2509 in
795 2439 1100 2531 illiusformatio-

95 2581 158 2643 ne,
170 2570 213 2626 ut
232 2552 464 2651 Steno(5)de
475 2553 681 2629 observatis
693 2557 732 2625 in
748 2580 816 2627 suo
828 2557 947 2628 vitulo
959 2557 1099 2654 hydro-

95 2671 259 2772 cephalo
283 2671 398 2743 verba
425 2669 582 2761 taciens,
608 2673 886 2760 animadvertit,
913 2688 1099 2749 structura

96 2803 138 2861 et
153 2812 254 2860 nexu
261 2792 348 2886 jam
360 2804 447 2860 sunt
454 2791 641 2886 perfiecta,
656 2790 809 2888 quando
825 2806 972 2880 caetera,
985 2810 1027 2864 ut
1042 2793 1098 2866 la-

94 2906 232 2977 terales
259 2920 409 3004 partes,
435 2931 506 2977 sua
533 2907 659 2978 adhuc
684 2913 839 3004 capiunt
861 2914 1096 2984 incrementa.

93 3025 175 3095 Nos
191 3048 282 3095 vero
299 3037 384 3122 post
404 3039 460 3095 tot
475 3023 584 3113 alios,
605 3024 700 3094 nihil
724 3026 763 3094 iu
778 3024 936 3099 duobus
949 3027 996 3098 de
1013 3032 1099 3127 qui·

93 3140 169 3214 bus
198 3165 308 3238 supra
332 3141 385 3239 (6)
401 3141 610 3212 indicatum
627 3155 702 3229 est,
727 3137 899 3232 foetibus,
921 3147 1097 3219 Patavino
1121 3146 1124 3151 ’

200 3479 294 3553 Epist.
309 3480 347 3536 ad
358 3480 500 3534 Kulmum
508 3478 546 3536 de
559 3478 747 3555 Hydroceph
761 3481 892 3537 Interno.
971 3439 976 3449 ·

201 3580 272 3634 Obs.
287 3579 377 3635 modo
390 3578 497 3635 citatis.

200 3677 299 3747 Idem,
312 3677 386 3733 ibid
