2798 4668
186 488 261 536 mn.
290 489 315 534 1.
343 476 390 534 'nn
415 471 872 551 non'atscsrtrts‚nr1sm
901 493 934 537 x.
996 465 1066 565 539

59 602 283 700 inspiceres,
301 588 437 672 sivein
450 622 514 672 sua
538 599 646 689 sede,
667 600 747 671 ‘slve
764 626 809 671 ex
830 601 900 674 hac·
917 600 1063 675 detrac-

61 721 327 808 tnm‚omnino
340 714 503 803 habebat
518 713 686 791 foramen
698 741 766 816 per
780 710 884 816 quod
898 721 982 818 gula
996 736 1065 793 tra·

58 833 344 932 jicitur,·multo
357 852 469 932 quam
482 837 613 923 soleat,
628 834 799 924 brevius,
813 851 854 907 ut
865 858 1064 935 nunquam

64 955 114 1025 sic
125 955 265 1026 vidisse
275 946 522 1025 meminerim.
535 957 712 1025 Cronium
724 953 886 1051 denique
900 980 985 1026 cum
998 958 1066 1027 cir·

66 1086 344 1159 commearent,
361 1094 477 1168 aqna,
495 1071 558 1142 sed
573 1094 652 1141 non
667 1071 760 1142 adeo
773 1072 906 1159 multa,
924 1097 968 1141 ex
985 1072 1065 1167 ejus

68 1217 158 1265 cavo
174 1193 389 1266 defluxerat.
417 1192 624 1264 Cerebrum
643 1194 865 1291 inspiciens,
889 1192 1067 1289 gelatinoe

67 1313 232 1410 speciem
243 1311 319 1385 vidi
337 1310 520 1383 subtenui
538 1312 736 1409 meninge,
750 1299 835 1383 vasa
852 1326 974 1382 autem
987 1332 1068 1407 quae

70 1446 136 1525 per
163 1429 374 1500 lateralium
399 1429 695 1500 ventriculorum
718 1428 877 1526 parietes
899 1442 1069 1525 reptant,

71 1548 251 1644 sanguine
279 1546 500 1618 tumidiora:
528 1546 593 1618 sed
618 1546 712 1615 nihil
734 1560 929 1642 praetorem
947 1568 1069 1643 perse-

71 1665 212 1756 cando,
229 1664 470 1735 adnotatione
484 1663 655 1762 dignum.

118 1809 175 1853 20.
204 1785 358 1883 Omissis
382 1783 522 1853 ceteris
548 1806 635 1878 qnae·
656 1781 701 1852 ad
729 1778 924 1852 historiam
948 1779 1071 1851 absol·

72 1902 232 1973 vendam
247 1901 390 1998 scripsi,
401 1901 569 1997 quamvis
581 1899 974 1998 aliaaliopertineant3
987 1920 1070 1996 pos·
1119 1992 1121 2000 ὃ

72 2032 190 2091 trema
208 2016 287 2089 haec
305 2040 423 2116 pauca
440 2031 581 2088 restant
598 2039 682 2113 quse
699 2015 746 2086 ad
767 2004 1072 2088 convulsivorum

75 2153 248 2208 motuum
266 2146 412 2206 (sensam
432 2134 551 2205 rideri
563 2137 708 2232 possint
722 2137 891 2206 attinere.
911 2133 1023 2225 Quod
1042 2133 1073 2205 si

73 2254 110 2323 in
127 2253 203 2326 hoc
223 2254 377 2325 homine
396 2252 502 2323 aliter
516 2276 596 2323 rem
617 2254 806 2349 conjicere
820 2234 915 2323 forte
932 2253 1073 2324 malue-

76 2372 139 2461 tis,
158 2370 490 2470 non‘repugnabo.
508 2374 594 2441 Erat
616 2373 718 2443 enim
736 2370 897 2441 maxime
919 2369 1072 2457 debilis,

78 2500 112 2558 et
126 2491 243 2562 morti
254 2490 330 2587 jam
344 2490 552 2587 proximus,
569 2494 656 2559 cnm
667 2490 707 2558 in
721 2513 765 2559 eo
780 2502 867 2559 sunt
878 2487 934 2556 illi
948 2501 1073 2557 motus

80 2607 337 2679 animadversi.
361 2602 408 2676 In
429 2612 597 2676 maxima
618 2618 745 2675 antem
761 2602 952 2675 debilitate
969 2626 1074 2701 spas-

80 2731 147 2812 mi,
166 2726 293 2822 inquit
316 2723 565 2795 Boerhaavius
580 2722 652 2820 (1),
675 2736 712 2792 et
725 2727 763 2791 in
780 2720 943 2792 animale
960 2725 1074 2797 mori-e

83 2843 207 2918 bando
223 2840 563 2939 solentpraecedere
581 2840 853 2929 convulsionem
871 2865 950 2910 non
970 2836 1075 2936 quod

81 2975 186 3032 aucta
204 2960 250 3032 sit
268 2961 331 3051 vis⁸
342 2956 597 3030 musculorum
612 2982 652 3031 se
669 2959 988 3045 contrahentium,
1009 2955 1073 3047 sed

82 3078 183 3173 quo'd
199 3077 397 3148 imminuta
405 3078 451 3148 sit
462 3078 517 3148 vis
536 3100 668 3149 eorum
688 3078 1018 3174 antagonistamm,
1035 3088 1076 3145 ut

78 3191 116 3262 in
139 3194 310 3293 paralysi.
343 3194 429 3282 Quo
457 3206 545 3264 sunt
564 3196 634 3292 qui
654 3192 821 3264 referunt
847 3192 909 3262 illa
931 3192 1074 3290 Hippo·
1125 3214 1128 3220 ·

82 3312 189 3383 cratis
216 3339 224 3380 z
252 3310 446 3382 Convnlsio
468 3334 521 3380 ea*
538 3310 820 3406 haemorrhagio
842 3308 1003 3396 lethalis,
1032 3307 1072 3379 in

82 3427 211 3523 opher.
235 3430 275 3500 V.
296 3453 329 3497 n.
350 3418 667 3498 momentanea
685 3408 941 3499 hellcborismo
959 3425 1073 3497 tetta:

82 3540 140 3631 lis,
159 3512 250 3630 ibid.
271 3547 305 3615 η’.
330 3569 357 3615 1.
377 3545 453 3635 Qui
472 3545 539 3615 etsi
550 3528 738 3614 'memorie
754 3568 799 3614 ex
818 3558 923 3642 parte
938 3543 1074 3615 laban-

81 3670 157 3751 lur3
172 3678 214 3734 tu
232 3686 252 3731 a
267 3672 359 3732 reto
371 3676 496 3732 tamen
511 3685 590 3731 non
603 3661 700 3753 adeo
713 3658 872 3732 tortasse
884 3646 1075 3731 aberrabis

120 4012 164 4090 (ι)
184 4020 313 4075 Praelect.
328 4018 360 4073 in
374 4018 471 4076 Instit.
486 4023 502 4089 S
517 4027 585 4087 401.
667 4032 673 4051 '
