2798 4668
197 471 266 521 nn.
293 471 321 520 ι.-
346 470 393 519 nr
418 468 554 518 nonnis
579 467 736 534 ctmrrs,
762 468 873 518 urrsr.
901 469 967 516 xu.
1021 441 1092 541 573

75 584 191 672 latis,
207 584 412 683 praesertim
423 608 514 654 vero
528 581 575 654 de
588 606 630 655 ea
644 607 726 680 quae
737 581 807 655 sub
820 609 926 653 num.
940 580 993 654 VI
1004 578 1098 652 etde

75 703 227 800 prima,
247 716 360 799 atque
379 701 493 772 altera
508 725 591 798 quae
610 700 680 772 sub
696 724 797 770 num.
809 704 878 772 Vll
897 701 937 769 in
955 697 1100 781 addita·

77 821 522 917 mentisproponuntur;
534 818 769 914 nequeenim
781 871 791 904 ,
804 815 907 914 qnod
919 818 1028 889 etiam
1040 840 1101 887 su-

77 959 155 1034 pra
169 934 347 1021 iudicavi,
366 935 556 1033 plerisque
575 935 718 1032 placet,
733 933 800 1004 ubi
819 947 931 1030 capnt
948 952 1026 1004 non
1043 948 1100 1003 tu·

79 1067 183 1140 met,
207 1053 266 1124 ibi
292 1051 617 1149 hydrocephalum
642 1075 855 1150 agnoscere.
873 1052 959 1120 Non
979 1063 1034 1121 est
1047 1064 1101 1121 ta·

80 1194 179 1242 rnen
213 1167 485 1256 dubitandum,
513 1170 606 1266 quin
633 1194 716 1239 cum
748 1168 865 1239 multa
894 1168 990 1236 intra
1020 1190 1101 1238 cra-

7 1334 9 1339 -
82 1287 196 1357 nium
220 1310 318 1382 aqua
343 1287 479 1358 sensim
498 1286 616 1384 magis
641 1286 836 1382 magisque
862 1285 1101 1382 congeritur,

82 1403 119 1475 si
128 1401 222 1473 hnic
232 1401 384 1490 cedere,
403 1418 445 1473 ut
456 1403 496 1472 iu
507 1401 674 1490 tenellis,
689 1426 773 1473 ossa
783 1415 956 1500 possent,
974 1415 1102 1471 tumor

46 1594 48 1597 ,
84 1518 225 1616 capitis
239 1506 334 1589 esset
347 1520 537 1589 oriturus:
556 1533 592 1589 et
605 1520 697 1615 quin
711 1518 844 1615 aliquae
861 1543 906 1588 ex
921 1518 965 1588 iis
983 1519 1102 1595 causis

85 1648 253 1734 propter
271 1659 365 1731 quas
381 1636 420 1704 in
436 1633 589 1704 illorum
610 1636 739 1705 cranio
754 1658 850 1730 aqua
866 1636 1102 1731 congeritur,

87 1751 233 1825 eudem
255 1750 329 1823 sint
343 1749 395 1822 ob
414 1775 508 1847 quas
526 1752 745 1847 congeritur
765 1751 874 1821 etiam
897 1753 936 1821 iu
956 1751 1104 1824 adulto-

87 1893 201 1977 rum,
220 1883 385 1966 utputa,
411 1882 545 1965 praeter
572 1865 787 1963 hydatides,
818 1867 1022 1966 dequibus
1044 1870 1103 1939 in-

89 1982 216 2083 fra(1)
236 1983 421 2072 dicemus,
436 1984 475 2053 in
494 1983 608 2081 plexu
626 1982 830 2073 choroide,
853 2000 917 2056 aut
932 1985 1021 2057 alibi
1044 1987 1104 2057 in-

90 2099 559 2198 marcraniumdisruptaa
579 2114 750 2198 utputa,
777 2102 951 2199 inquam,
973 2118 1037 2174 aut
1061 2127 1104 2176 ea

91 2217 282 2320 glandulae
289 2217 489 2316 pituitamae
497 2219 714 2290 constitutio
724 2242 806 2315 quae
816 2219 957 2290 nullam
966 2244 1104 2318 aquam

92 2338 345 2423 transmittat,
359 2349 402 2406 ut
415 2337 455 2406 in
466 2336 588 2433 Anglo
600 2334 665 2406 illo
675 2336 730 2431 (a)
744 2337 802 2432 cuj
808 2361 851 2408 us
862 2336 1007 2408 cerebri
1018 2363 1106 2410 ven·

90 2453 241 2529 tricolis
258 2477 341 2526 sero
359 2451 481 2551 plenis
509 2450 587 2522 haec
612 2451 764 2523 suberat
795 2451 971 2550 glandula
997 2469 1104 2552 parte

94 2571 213 2644 altera
240 2569 433 2671 praedura,
465 2568 579 2640 altera
611 2568 828 2667 absumpta.
854 2586 918 2642 aut
937 2595 979 2641 ea
998 2596 1104 2668 aquae

93 2702 249 2776 natura,
269 2712 351 2784 quae
371 2687 420 2760 ad
436 2685 554 2773 hanc,
584 2701 649 2757 aut
667 2710 736 2784 per
758 2685 856 2757 hanc
887 2687 1104 2784 glandulam

94 2804 301 2879 transmitti
320 2828 400 2874 non
429 2803 567 2902 possit,
598 2827 761 2899 quorum
791 2802 883 2874 illud
904 2805 1105 2878 verisimile

97 2935 177 3009 est,
195 2943 282 2992 cum
301 2944 399 3018 aqua
418 2918 597 2990 duntaxat
610 2917 787 3015 limpida3
803 2918 877 2991 hoc
889 2942 995 3009 vero,
1017 2946 1104 2994 cum

71 3035 251 3112 turbida
275 3036 506 3109 ventriculos
533 3033 678 3107 cerebri
697 3035 895 3124 distendit,
925 3038 1046 3135 qualis
1064 3040 1106 3112 in

97 3157 183 3229 viro
199 3155 369 3252 Principe
388 3156 622 3226 aBruunero
638 3152 694 3250 (3)
712 3154 968 3231 animadversa
987 3146 1062 3246 est,
1084 3183 1106 3231 a

97 3270 213 3346 uobis
230 3286 355 3343 autem
374 3271 414 3342 in
434 3294 477 3343 ea
489 3294 571 3368 quae
590 3272 784 3370 proposita
796 3286 871 3360 est,
890 3268 1036 3345 femina.
1060 3280 1106 3348 In
1174 3352 1179 3367 ‚

101 3387 174 3462 bno
182 3388 283 3461 enim
290 3385 533 3459 cumisiohor
541 3387 607 3483 qui
613 3410 684 3483 per
692 3400 839 3467 anuum
850 3388 1106 3467 ulceraaman·

102 3506 186 3579 dari
202 3517 462 3591 consueverat,
483 3503 525 3575 in
548 3526 614 3576 eos
629 3503 860 3580 ventriculos
876 3505 1105 3601 divertisset,

114 3684 1104 3743 ..........---..-..-.....-Ι,....

143 3788 191 3967 idi
210 3787 372 3964 leemps.
386 3906 436 3946 an.
454 3885 546 3960 xost,
556 3888 600 3946 Μ.
612 3886 686 3962 Mai.

147 3985 192 4066 (3)
213 3982 290 4064 Eph.
306 3988 346 4046 rt.
359 3987 392 4047 C.
407 3987 493 4048 Cant.
510 3986 547 4063 6„
561 3987 627 4048 olu·
644 4008 656 4045 1
670 4028 680 4059 ,
694 3986 790 4046 infin.
