<?xml version="1.0" encoding="UTF-8"?>
<!DOCTYPE html PUBLIC "-//W3C//DTD XHTML 1.0 Transitional//EN"
    "http://www.w3.org/TR/xhtml1/DTD/xhtml1-transitional.dtd">
<html xmlns="http://www.w3.org/1999/xhtml" xml:lang="en" lang="en">
 <head>
  <title>
</title>
<meta http-equiv="Content-Type" content="text/html;charset=utf-8" />
  <meta name='ocr-system' content='tesseract 3.04.00' />
  <meta name='ocr-capabilities' content='ocr_page ocr_carea ocr_par ocr_line ocrx_word'/>
</head>
<body>
  <div class='ocr_page' id='page_1' title='image "./desedibusetcaus06adelgoog_0572.png"; bbox 0 0 2798 4668; ppageno 0'>
   <div class='ocr_carea' id='block_1_1' title="bbox 212 433 1087 523">
    <p class='ocr_par' dir='ltr' id='par_1_1' title="bbox 212 433 1087 523">
     <span class='ocr_line' id='line_1_1' title="bbox 212 433 1087 523; baseline 0.003 -21"><span class='ocrx_word' id='word_1_1' title='bbox 212 453 279 502; x_wconf 82' lang='lat' dir='ltr'>un.</span> <span class='ocrx_word' id='word_1_2' title='bbox 307 453 331 501; x_wconf 74' lang='grc' dir='ltr'>ι.</span> <span class='ocrx_word' id='word_1_3' title='bbox 359 452 407 503; x_wconf 77' lang='lat' dir='ltr'>nn</span> <span class='ocrx_word' id='word_1_4' title='bbox 432 451 567 505; x_wconf 76' lang='lat' dir='ltr'>nonnis</span> <span class='ocrx_word' id='word_1_5' title='bbox 591 456 747 523; x_wconf 67' lang='lat' dir='ltr'>cruris,</span> <span class='ocrx_word' id='word_1_6' title='bbox 772 457 883 506; x_wconf 75' lang='lat' dir='ltr'>nrrsr.</span> <span class='ocrx_word' id='word_1_7' title='bbox 907 459 960 504; x_wconf 77' lang='lat' dir='ltr'>m.</span> <span class='ocrx_word' id='word_1_8' title='bbox 1022 433 1087 507; x_wconf 79' lang='lat'>561</span> 
     </span>
    </p>
   </div>
   <div class='ocr_carea' id='block_1_2' title="bbox 68 569 1100 3143">
    <p class='ocr_par' dir='ltr' id='par_1_2' title="bbox 68 569 1100 3143">
     <span class='ocr_line' id='line_1_2' title="bbox 77 569 1093 668; baseline 0.003 -28"><span class='ocrx_word' id='word_1_9' title='bbox 77 571 343 667; x_wconf 80' lang='lat' dir='ltr'>incognitum,</span> <span class='ocrx_word' id='word_1_10' title='bbox 358 569 564 645; x_wconf 88' lang='lat' dir='ltr'>secundum</span> <span class='ocrx_word' id='word_1_11' title='bbox 575 585 746 641; x_wconf 84' lang='lat' dir='ltr'>naturam</span> <span class='ocrx_word' id='word_1_12' title='bbox 757 571 911 668; x_wconf 87' lang='lat' dir='ltr'>quidem</span> <span class='ocrx_word' id='word_1_13' title='bbox 922 570 1093 661; x_wconf 87' lang='lat' dir='ltr'>humoris</span> 
     </span>
     <span class='ocr_line' id='line_1_3' title="bbox 79 684 1094 786; baseline 0.002 -28"><span class='ocrx_word' id='word_1_14' title='bbox 79 688 220 785; x_wconf 70' lang='lat' dir='ltr'>aliqua</span> <span class='ocrx_word' id='word_1_15' title='bbox 236 688 346 786; x_wconf 86' lang='lat' dir='ltr'>copia</span> <span class='ocrx_word' id='word_1_16' title='bbox 361 689 400 760; x_wconf 90' lang='lat' dir='ltr'>in</span> <span class='ocrx_word' id='word_1_17' title='bbox 414 688 488 758; x_wconf 83' lang='lat' dir='ltr'>ima</span> <span class='ocrx_word' id='word_1_18' title='bbox 504 710 607 758; x_wconf 84' lang='lat' dir='ltr'>sacra</span> <span class='ocrx_word' id='word_1_19' title='bbox 624 684 748 758; x_wconf 85' lang='lat' dir='ltr'>fistula</span> <span class='ocrx_word' id='word_1_20' title='bbox 765 702 819 760; x_wconf 89' lang='lat' dir='ltr'>est</span> <span class='ocrx_word' id='word_1_21' title='bbox 835 689 1094 786; x_wconf 81' lang='lat' dir='ltr'>agnoscenda3</span> 
     </span>
     <span class='ocr_line' id='line_1_4' title="bbox 87 803 1095 902; baseline 0.001 -26"><span class='ocrx_word' id='word_1_22' title='bbox 87 828 172 902; x_wconf 87' lang='lat' dir='ltr'>qua</span> <span class='ocrx_word' id='word_1_23' title='bbox 186 804 233 876; x_wconf 91' lang='lat' dir='ltr'>de</span> <span class='ocrx_word' id='word_1_24' title='bbox 245 829 287 876; x_wconf 88' lang='lat' dir='ltr'>re</span> <span class='ocrx_word' id='word_1_25' title='bbox 304 803 398 902; x_wconf 88' lang='lat' dir='ltr'>quid</span> <span class='ocrx_word' id='word_1_26' title='bbox 410 803 521 877; x_wconf 90' lang='lat' dir='ltr'>nobis</span> <span class='ocrx_word' id='word_1_27' title='bbox 528 805 764 902; x_wconf 84' lang='lat' dir='ltr'>exploratum</span> <span class='ocrx_word' id='word_1_28' title='bbox 782 806 843 892; x_wconf 88' lang='lat' dir='ltr'>sit,</span> <span class='ocrx_word' id='word_1_29' title='bbox 858 808 929 878; x_wconf 88' lang='lat' dir='ltr'>erit</span> <span class='ocrx_word' id='word_1_30' title='bbox 941 807 1030 879; x_wconf 87' lang='lat' dir='ltr'>alibi</span> <span class='ocrx_word' id='word_1_31' title='bbox 1039 807 1095 879; x_wconf 92' lang='lat' dir='ltr'>di-</span> 
     </span>
     <span class='ocr_line' id='line_1_5' title="bbox 86 919 1095 1019; baseline 0.003 -28"><span class='ocrx_word' id='word_1_32' title='bbox 86 920 208 1019; x_wconf 75' lang='lat' dir='ltr'>cendi</span> <span class='ocrx_word' id='word_1_33' title='bbox 222 921 348 1008; x_wconf 86' lang='lat' dir='ltr'>locus;</span> <span class='ocrx_word' id='word_1_34' title='bbox 367 923 607 1018; x_wconf 88' lang='lat' dir='ltr'>nequeenim</span> <span class='ocrx_word' id='word_1_35' title='bbox 625 919 778 994; x_wconf 84' lang='lat' dir='ltr'>difficile</span> <span class='ocrx_word' id='word_1_36' title='bbox 792 936 863 1011; x_wconf 85' lang='lat' dir='ltr'>est,</span> <span class='ocrx_word' id='word_1_37' title='bbox 875 938 917 994; x_wconf 89' lang='lat' dir='ltr'>ut</span> <span class='ocrx_word' id='word_1_38' title='bbox 929 924 969 993; x_wconf 89' lang='lat' dir='ltr'>in</span> <span class='ocrx_word' id='word_1_39' title='bbox 986 923 1095 994; x_wconf 81' lang='lat' dir='ltr'>cada·</span> 
     </span>
     <span class='ocr_line' id='line_1_6' title="bbox 78 1038 1097 1138; baseline 0.004 -32"><span class='ocrx_word' id='word_1_40' title='bbox 78 1040 195 1110; x_wconf 60' lang='lat' dir='ltr'>‘veris</span> <span class='ocrx_word' id='word_1_41' title='bbox 207 1038 429 1136; x_wconf 82' lang='lat' dir='ltr'><strong>gestatione,</strong></span> <span class='ocrx_word' id='word_1_42' title='bbox 445 1054 508 1110; x_wconf 80' lang='lat' dir='ltr'>aut</span> <span class='ocrx_word' id='word_1_43' title='bbox 525 1038 742 1136; x_wconf 80' lang='lat' dir='ltr'>multiplici,</span> <span class='ocrx_word' id='word_1_44' title='bbox 755 1052 796 1110; x_wconf 86' lang='lat' dir='ltr'>nt</span> <span class='ocrx_word' id='word_1_45' title='bbox 809 1040 942 1138; x_wconf 82' lang='lat' dir='ltr'>saepius</span> <span class='ocrx_word' id='word_1_46' title='bbox 958 1038 1017 1129; x_wconf 86' lang='lat' dir='ltr'>fit,</span> <span class='ocrx_word' id='word_1_47' title='bbox 1030 1064 1097 1110; x_wconf 91' lang='lat' dir='ltr'>vo·</span> 
     </span>
     <span class='ocr_line' id='line_1_7' title="bbox 88 1156 1097 1255; baseline -0.001 -25"><span class='ocrx_word' id='word_1_48' title='bbox 88 1158 279 1230; x_wconf 85' lang='lat' dir='ltr'>lutatione</span> <span class='ocrx_word' id='word_1_49' title='bbox 303 1156 384 1251; x_wconf 86' lang='lat' dir='ltr'>ejus</span> <span class='ocrx_word' id='word_1_50' title='bbox 402 1157 582 1228; x_wconf 83' lang='lat' dir='ltr'>naturalis</span> <span class='ocrx_word' id='word_1_51' title='bbox 598 1157 771 1229; x_wconf 90' lang='lat' dir='ltr'>humoris</span> <span class='ocrx_word' id='word_1_52' title='bbox 794 1158 919 1255; x_wconf 89' lang='lat' dir='ltr'>portio</span> <span class='ocrx_word' id='word_1_53' title='bbox 938 1156 992 1229; x_wconf 65' lang='lat' dir='ltr'>‘ab</span> <span class='ocrx_word' id='word_1_54' title='bbox 1019 1160 1097 1245; x_wconf 81' lang='lat' dir='ltr'>imo</span> 
     </span>
     <span class='ocr_line' id='line_1_8' title="bbox 88 1270 1098 1347; baseline -0.002 0"><span class='ocrx_word' id='word_1_55' title='bbox 88 1274 145 1347; x_wconf 82' lang='lat' dir='ltr'>ad</span> <span class='ocrx_word' id='word_1_56' title='bbox 164 1297 352 1347; x_wconf 84' lang='lat' dir='ltr'>summum</span> <span class='ocrx_word' id='word_1_57' title='bbox 365 1270 497 1345; x_wconf 84' lang='lat' dir='ltr'>fistulae</span> <span class='ocrx_word' id='word_1_58' title='bbox 508 1289 682 1347; x_wconf 83' lang='lat' dir='ltr'>transeat.</span> <span class='ocrx_word' id='word_1_59' title='bbox 697 1278 838 1347; x_wconf 89' lang='lat' dir='ltr'>Verum</span> <span class='ocrx_word' id='word_1_60' title='bbox 854 1300 941 1346; x_wconf 89' lang='lat' dir='ltr'>cum</span> <span class='ocrx_word' id='word_1_61' title='bbox 953 1289 1017 1345; x_wconf 84' lang='lat' dir='ltr'>aut</span> <span class='ocrx_word' id='word_1_62' title='bbox 1035 1299 1098 1346; x_wconf 84' lang='lat' dir='ltr'>co·</span> 
     </span>
     <span class='ocr_line' id='line_1_9' title="bbox 91 1390 1097 1493; baseline 0.002 -31"><span class='ocrx_word' id='word_1_63' title='bbox 91 1394 159 1493; x_wconf 87' lang='lat' dir='ltr'>pia</span> <span class='ocrx_word' id='word_1_64' title='bbox 171 1391 292 1463; x_wconf 86' lang='lat' dir='ltr'>multo</span> <span class='ocrx_word' id='word_1_65' title='bbox 312 1391 462 1486; x_wconf 84' lang='lat' dir='ltr'>majori,</span> <span class='ocrx_word' id='word_1_66' title='bbox 481 1406 546 1463; x_wconf 82' lang='lat' dir='ltr'>aut</span> <span class='ocrx_word' id='word_1_67' title='bbox 559 1391 631 1462; x_wconf 78' lang='lat' dir='ltr'>alia</span> <span class='ocrx_word' id='word_1_68' title='bbox 646 1416 688 1463; x_wconf 86' lang='lat' dir='ltr'>ao</span> <span class='ocrx_word' id='word_1_69' title='bbox 707 1390 856 1481; x_wconf 85' lang='lat' dir='ltr'>debeat,</span> <span class='ocrx_word' id='word_1_70' title='bbox 874 1408 1009 1487; x_wconf 83' lang='lat' dir='ltr'>natura</span> <span class='ocrx_word' id='word_1_71' title='bbox 1020 1407 1097 1483; x_wconf 89' lang='lat' dir='ltr'>est,</span> 
     </span>
     <span class='ocr_line' id='line_1_10' title="bbox 87 1506 1098 1608; baseline -0.001 -27"><span class='ocrx_word' id='word_1_72' title='bbox 87 1510 304 1608; x_wconf 83' lang='lat' dir='ltr'>intelligere</span> <span class='ocrx_word' id='word_1_73' title='bbox 321 1506 477 1607; x_wconf 88' lang='lat' dir='ltr'>quidem</span> <span class='ocrx_word' id='word_1_74' title='bbox 489 1508 595 1597; x_wconf 86' lang='lat' dir='ltr'>licet,</span> <span class='ocrx_word' id='word_1_75' title='bbox 615 1507 934 1605; x_wconf 81' lang='lat' dir='ltr'>quemadmodum</span> <span class='ocrx_word' id='word_1_76' title='bbox 949 1523 1014 1580; x_wconf 84' lang='lat' dir='ltr'>aut</span> <span class='ocrx_word' id='word_1_77' title='bbox 1027 1508 1098 1580; x_wconf 85' lang='lat' dir='ltr'>hac</span> 
     </span>
     <span class='ocr_line' id='line_1_11' title="bbox 91 1616 1098 1725; baseline 0 -27"><span class='ocrx_word' id='word_1_78' title='bbox 91 1627 169 1703; x_wconf 85' lang='lat' dir='ltr'>alia</span> <span class='ocrx_word' id='word_1_79' title='bbox 180 1642 314 1698; x_wconf 78' lang='lat' dir='ltr'>natura</span> <span class='ocrx_word' id='word_1_80' title='bbox 325 1624 448 1711; x_wconf 77' lang='lat' dir='ltr'>laedat,</span> <span class='ocrx_word' id='word_1_81' title='bbox 466 1638 529 1696; x_wconf 84' lang='lat' dir='ltr'>aut</span> <span class='ocrx_word' id='word_1_82' title='bbox 545 1649 588 1696; x_wconf 84' lang='lat' dir='ltr'>ea</span> <span class='ocrx_word' id='word_1_83' title='bbox 599 1625 721 1696; x_wconf 78' lang='lat' dir='ltr'>multo</span> <span class='ocrx_word' id='word_1_84' title='bbox 737 1616 871 1722; x_wconf 82' lang='lat' dir='ltr'>majori</span> <span class='ocrx_word' id='word_1_85' title='bbox 890 1627 998 1725; x_wconf 85' lang='lat' dir='ltr'>copia</span> <span class='ocrx_word' id='word_1_86' title='bbox 1018 1652 1098 1699; x_wconf 91' lang='lat' dir='ltr'>non</span> 
     </span>
     <span class='ocr_line' id='line_1_12' title="bbox 88 1739 1099 1843; baseline -0.003 -27"><span class='ocrx_word' id='word_1_87' title='bbox 88 1747 172 1842; x_wconf 83' lang='lat' dir='ltr'>jam</span> <span class='ocrx_word' id='word_1_88' title='bbox 197 1759 333 1815; x_wconf 83' lang='lat' dir='ltr'>nervos</span> <span class='ocrx_word' id='word_1_89' title='bbox 358 1741 444 1815; x_wconf 90' lang='lat' dir='ltr'>illos</span> <span class='ocrx_word' id='word_1_90' title='bbox 465 1739 616 1814; x_wconf 88' lang='lat' dir='ltr'>infimos</span> <span class='ocrx_word' id='word_1_91' title='bbox 636 1742 760 1814; x_wconf 81' lang='lat' dir='ltr'>caudoe</span> <span class='ocrx_word' id='word_1_92' title='bbox 777 1746 940 1842; x_wconf 86' lang='lat' dir='ltr'>equinae,</span> <span class='ocrx_word' id='word_1_93' title='bbox 959 1743 1023 1817; x_wconf 88' lang='lat' dir='ltr'>sed</span> <span class='ocrx_word' id='word_1_94' title='bbox 1042 1746 1099 1843; x_wconf 79' lang='lat' dir='ltr'>ip-</span> 
     </span>
     <span class='ocr_line' id='line_1_13' title="bbox 90 1859 1098 1961; baseline -0.002 -26"><span class='ocrx_word' id='word_1_95' title='bbox 90 1887 182 1936; x_wconf 88' lang='lat' dir='ltr'>sum</span> <span class='ocrx_word' id='word_1_96' title='bbox 195 1861 307 1960; x_wconf 84' lang='lat' dir='ltr'>longe</span> <span class='ocrx_word' id='word_1_97' title='bbox 322 1865 565 1947; x_wconf 84' lang='lat' dir='ltr'>teneriorem,</span> <span class='ocrx_word' id='word_1_98' title='bbox 579 1884 693 1958; x_wconf 85' lang='lat' dir='ltr'>quem</span> <span class='ocrx_word' id='word_1_99' title='bbox 710 1859 1006 1949; x_wconf 84' lang='lat' dir='ltr'>circumfundat,</span> <span class='ocrx_word' id='word_1_100' title='bbox 1022 1863 1098 1961; x_wconf 88' lang='lat' dir='ltr'>spi·</span> 
     </span>
     <span class='ocr_line' id='line_1_14' title="bbox 89 1976 1100 2078; baseline 0.002 -25"><span class='ocrx_word' id='word_1_101' title='bbox 89 1980 193 2053; x_wconf 85' lang='lat' dir='ltr'>nalis</span> <span class='ocrx_word' id='word_1_102' title='bbox 205 1976 378 2050; x_wconf 76' lang='lat' dir='ltr'>medullae</span> <span class='ocrx_word' id='word_1_103' title='bbox 390 1994 566 2049; x_wconf 79' lang='lat' dir='ltr'>truncum</span> <span class='ocrx_word' id='word_1_104' title='bbox 584 1993 648 2050; x_wconf 84' lang='lat' dir='ltr'>aut</span> <span class='ocrx_word' id='word_1_105' title='bbox 663 1980 780 2077; x_wconf 81' lang='lat' dir='ltr'>magis</span> <span class='ocrx_word' id='word_1_106' title='bbox 793 1980 1020 2078; x_wconf 86' lang='lat' dir='ltr'>premendo,</span> <span class='ocrx_word' id='word_1_107' title='bbox 1035 1994 1100 2055; x_wconf 82' lang='lat' dir='ltr'>aut</span> 
     </span>
     <span class='ocr_line' id='line_1_15' title="bbox 91 2092 1100 2196; baseline -0.003 -24"><span class='ocrx_word' id='word_1_108' title='bbox 91 2097 274 2188; x_wconf 83' lang='lat' dir='ltr'>laxando,</span> <span class='ocrx_word' id='word_1_109' title='bbox 301 2093 438 2168; x_wconf 86' lang='lat' dir='ltr'>inferat</span> <span class='ocrx_word' id='word_1_110' title='bbox 456 2092 610 2168; x_wconf 86' lang='lat' dir='ltr'>artuum</span> <span class='ocrx_word' id='word_1_111' title='bbox 629 2096 900 2169; x_wconf 83' lang='lat' dir='ltr'>resolutionem</span> <span class='ocrx_word' id='word_1_112' title='bbox 920 2125 929 2169; x_wconf 76' lang='grc' dir='ltr'><strong><em>ε</em></strong></span> <span class='ocrx_word' id='word_1_113' title='bbox 950 2097 1015 2171; x_wconf 90' lang='lat' dir='ltr'>sed</span> <span class='ocrx_word' id='word_1_114' title='bbox 1034 2100 1100 2196; x_wconf 90' lang='lat' dir='ltr'>qui</span> 
     </span>
     <span class='ocr_line' id='line_1_16' title="bbox 92 2212 1098 2311; baseline -0.002 -23"><span class='ocrx_word' id='word_1_115' title='bbox 92 2214 179 2306; x_wconf 87' lang='lat' dir='ltr'>fiat,</span> <span class='ocrx_word' id='word_1_116' title='bbox 197 2230 239 2287; x_wconf 94' lang='lat' dir='ltr'>ut</span> <span class='ocrx_word' id='word_1_117' title='bbox 253 2239 339 2286; x_wconf 88' lang='lat' dir='ltr'>cum</span> <span class='ocrx_word' id='word_1_118' title='bbox 354 2213 461 2284; x_wconf 93' lang='lat' dir='ltr'>illum</span> <span class='ocrx_word' id='word_1_119' title='bbox 480 2213 651 2311; x_wconf 92' lang='lat' dir='ltr'>undique</span> <span class='ocrx_word' id='word_1_120' title='bbox 667 2212 953 2304; x_wconf 80' lang='lat' dir='ltr'>circumfundit3</span> <span class='ocrx_word' id='word_1_121' title='bbox 972 2230 1098 2287; x_wconf 87' lang='lat' dir='ltr'>tamen</span> 
     </span>
     <span class='ocr_line' id='line_1_17' title="bbox 68 2316 1098 2428; baseline -0.004 -22"><span class='ocrx_word' id='word_1_122' title='bbox 68 2370 77 2389; x_wconf 85' lang='lat'><strong>.</strong></span> <span class='ocrx_word' id='word_1_123' title='bbox 93 2359 116 2406; x_wconf 85' lang='lat' dir='ltr'>a</span> <span class='ocrx_word' id='word_1_124' title='bbox 136 2333 291 2407; x_wconf 84' lang='lat' dir='ltr'>dextero</span> <span class='ocrx_word' id='word_1_125' title='bbox 308 2331 425 2428; x_wconf 85' lang='lat' dir='ltr'>magis</span> <span class='ocrx_word' id='word_1_126' title='bbox 438 2329 553 2402; x_wconf 86' lang='lat' dir='ltr'>latere</span> <span class='ocrx_word' id='word_1_127' title='bbox 574 2352 688 2428; x_wconf 86' lang='lat' dir='ltr'>quam</span> <span class='ocrx_word' id='word_1_128' title='bbox 703 2356 725 2402; x_wconf 88' lang='lat' dir='ltr'>a</span> <span class='ocrx_word' id='word_1_129' title='bbox 739 2333 915 2422; x_wconf 83' lang='lat' dir='ltr'>sinistro,</span> <span class='ocrx_word' id='word_1_130' title='bbox 928 2348 993 2405; x_wconf 82' lang='lat' dir='ltr'>aut</span> <span class='ocrx_word' id='word_1_131' title='bbox 1010 2316 1098 2405; x_wconf 51' lang='lat' dir='ltr'>a&#39;si·</span> 
     </span>
     <span class='ocr_line' id='line_1_18' title="bbox 92 2447 1100 2549; baseline -0.004 -24"><span class='ocrx_word' id='word_1_132' title='bbox 92 2454 218 2525; x_wconf 78' lang='lat' dir='ltr'>mistro</span> <span class='ocrx_word' id='word_1_133' title='bbox 237 2451 355 2549; x_wconf 82' lang='lat' dir='ltr'>magis</span> <span class='ocrx_word' id='word_1_134' title='bbox 382 2471 496 2545; x_wconf 87' lang='lat' dir='ltr'>quam</span> <span class='ocrx_word' id='word_1_135' title='bbox 519 2473 540 2518; x_wconf 82' lang='lat' dir='ltr'>a</span> <span class='ocrx_word' id='word_1_136' title='bbox 561 2447 737 2535; x_wconf 84' lang='lat' dir='ltr'>dextero,</span> <span class='ocrx_word' id='word_1_137' title='bbox 765 2463 911 2546; x_wconf 87' lang='lat' dir='ltr'>premat</span> <span class='ocrx_word' id='word_1_138' title='bbox 934 2449 1100 2542; x_wconf 80' lang='lat' dir='ltr'>laxetve,</span> 
     </span>
     <span class='ocr_line' id='line_1_19' title="bbox 93 2562 1098 2661; baseline -0.002 -19"><span class='ocrx_word' id='word_1_139' title='bbox 93 2584 141 2644; x_wconf 88' lang='lat' dir='ltr'>ut</span> <span class='ocrx_word' id='word_1_140' title='bbox 156 2567 281 2642; x_wconf 84' lang='lat' dir='ltr'>lateris</span> <span class='ocrx_word' id='word_1_141' title='bbox 293 2565 413 2653; x_wconf 90' lang='lat' dir='ltr'>illius,</span> <span class='ocrx_word' id='word_1_142' title='bbox 431 2589 511 2636; x_wconf 90' lang='lat' dir='ltr'>non</span> <span class='ocrx_word' id='word_1_143' title='bbox 524 2563 655 2660; x_wconf 84' lang='lat' dir='ltr'>hujus;</span> <span class='ocrx_word' id='word_1_144' title='bbox 675 2562 888 2661; x_wconf 52' lang='lat' dir='ltr'>authujus,</span> <span class='ocrx_word' id='word_1_145' title='bbox 907 2592 986 2638; x_wconf 90' lang='lat' dir='ltr'>non</span> <span class='ocrx_word' id='word_1_146' title='bbox 998 2568 1098 2640; x_wconf 90' lang='lat' dir='ltr'>illius</span> 
     </span>
     <span class='ocr_line' id='line_1_20' title="bbox 94 2681 1098 2789; baseline -0.002 -28"><span class='ocrx_word' id='word_1_147' title='bbox 94 2686 297 2789; x_wconf 81' lang='lat' dir='ltr'>paralysim</span> <span class='ocrx_word' id='word_1_148' title='bbox 316 2681 436 2771; x_wconf 82' lang='lat' dir='ltr'>faciat,</span> <span class='ocrx_word' id='word_1_149' title='bbox 452 2681 660 2779; x_wconf 84' lang='lat' dir='ltr'>intelligere</span> <span class='ocrx_word' id='word_1_150' title='bbox 672 2707 752 2753; x_wconf 91' lang='lat' dir='ltr'>non</span> <span class='ocrx_word' id='word_1_151' title='bbox 770 2683 866 2755; x_wconf 90' lang='lat' dir='ltr'>licet.</span> <span class='ocrx_word' id='word_1_152' title='bbox 884 2686 1004 2782; x_wconf 84' lang='lat' dir='ltr'>Igitur</span> <span class='ocrx_word' id='word_1_153' title='bbox 1016 2712 1098 2786; x_wconf 83' lang='lat' dir='ltr'>quae</span> 
     </span>
     <span class='ocr_line' id='line_1_21' title="bbox 92 2799 1098 2901; baseline -0.001 -25"><span class='ocrx_word' id='word_1_154' title='bbox 92 2827 168 2876; x_wconf 85' lang='lat' dir='ltr'>nos</span> <span class='ocrx_word' id='word_1_155' title='bbox 187 2799 385 2874; x_wconf 82' lang='lat' dir='ltr'>difficultas</span> <span class='ocrx_word' id='word_1_156' title='bbox 396 2800 640 2898; x_wconf 74' lang='lat' dir='ltr'>circunquam</span> <span class='ocrx_word' id='word_1_157' title='bbox 653 2800 694 2870; x_wconf 91' lang='lat' dir='ltr'>in</span> <span class='ocrx_word' id='word_1_158' title='bbox 711 2802 840 2871; x_wconf 87' lang='lat' dir='ltr'>cranio</span> <span class='ocrx_word' id='word_1_159' title='bbox 859 2802 1012 2875; x_wconf 83' lang='lat' dir='ltr'>tenebat</span> <span class='ocrx_word' id='word_1_160' title='bbox 1029 2803 1098 2901; x_wconf 81' lang='grc' dir='ltr'>(ι),</span> 
     </span>
     <span class='ocr_line' id='line_1_22' title="bbox 94 2914 1099 3023; baseline -0.001 -28"><span class='ocrx_word' id='word_1_161' title='bbox 94 2921 229 2996; x_wconf 84' lang='lat' dir='ltr'>eadem</span> <span class='ocrx_word' id='word_1_162' title='bbox 238 2922 278 2997; x_wconf 88' lang='lat' dir='ltr'>iu</span> <span class='ocrx_word' id='word_1_163' title='bbox 291 2914 694 3016; x_wconf 76' lang='lat' dir='ltr'>sacraquoque&#39;fistula</span> <span class='ocrx_word' id='word_1_164' title='bbox 706 2916 860 3008; x_wconf 82' lang='lat' dir='ltr'>detinet,</span> <span class='ocrx_word' id='word_1_165' title='bbox 871 2920 943 2992; x_wconf 90' lang='lat' dir='ltr'>nisi</span> <span class='ocrx_word' id='word_1_166' title='bbox 954 2920 1099 3023; x_wconf 86' lang='lat' dir='ltr'>aliquid</span> 
     </span>
     <span class='ocr_line' id='line_1_23' title="bbox 94 3035 676 3143; baseline -0.009 -33"><span class='ocrx_word' id='word_1_167' title='bbox 94 3053 276 3143; x_wconf 84' lang='lat' dir='ltr'>praeterea</span> <span class='ocrx_word' id='word_1_168' title='bbox 291 3035 608 3132; x_wconf 74' lang='lat' dir='ltr'>huc&#39;adjiciamus.</span> <span class='ocrx_word' id='word_1_169' title='bbox 652 3076 655 3081; x_wconf 94' lang='lat'>·</span> <span class='ocrx_word' id='word_1_170' title='bbox 675 3060 676 3066; x_wconf 48' lang='lat'>¹</span> 
     </span>
    </p>
   </div>
   <div class='ocr_carea' id='block_1_3' title="bbox 151 3150 1316 3253">
    <p class='ocr_par' dir='ltr' id='par_1_3' title="bbox 151 3150 1316 3253">
     <span class='ocr_line' id='line_1_24' title="bbox 151 3150 1316 3253; baseline 0.001 -26"><span class='ocrx_word' id='word_1_171' title='bbox 151 3181 205 3253; x_wconf 88' lang='lat'>17·</span> <span class='ocrx_word' id='word_1_172' title='bbox 230 3155 274 3227; x_wconf 93' lang='lat' dir='ltr'>ld</span> <span class='ocrx_word' id='word_1_173' title='bbox 291 3169 417 3227; x_wconf 87' lang='lat' dir='ltr'>autem</span> <span class='ocrx_word' id='word_1_174' title='bbox 430 3150 1099 3251; x_wconf 82' lang='lat' dir='ltr'>repetendumvideturapraeceden-</span> <span class='ocrx_word' id='word_1_175' title='bbox 1190 3162 1193 3165; x_wconf 80' lang='grc'><strong>’</strong></span> <span class='ocrx_word' id='word_1_176' title='bbox 1313 3232 1316 3239; x_wconf 70' lang='grc'><em>,</em></span> 
     </span>
    </p>
   </div>
   <div class='ocr_carea' id='block_1_4' title="bbox 93 3267 1100 3727">
    <p class='ocr_par' dir='ltr' id='par_1_4' title="bbox 93 3267 1100 3727">
     <span class='ocr_line' id='line_1_25' title="bbox 93 3267 1099 3370; baseline -0.002 -24"><span class='ocrx_word' id='word_1_177' title='bbox 93 3287 133 3346; x_wconf 86' lang='lat' dir='ltr'>te</span> <span class='ocrx_word' id='word_1_178' title='bbox 154 3272 306 3345; x_wconf 83' lang='lat' dir='ltr'>alterius</span> <span class='ocrx_word' id='word_1_179' title='bbox 318 3272 434 3370; x_wconf 84' lang='lat' dir='ltr'>partis</span> <span class='ocrx_word' id='word_1_180' title='bbox 448 3285 512 3342; x_wconf 80' lang='lat' dir='ltr'>aut</span> <span class='ocrx_word' id='word_1_181' title='bbox 531 3267 693 3359; x_wconf 85' lang='lat' dir='ltr'>cerebri,</span> <span class='ocrx_word' id='word_1_182' title='bbox 710 3284 774 3341; x_wconf 88' lang='lat' dir='ltr'>aut</span> <span class='ocrx_word' id='word_1_183' title='bbox 785 3270 939 3367; x_wconf 84' lang='lat' dir='ltr'>spinalis</span> <span class='ocrx_word' id='word_1_184' title='bbox 951 3272 1099 3344; x_wconf 89' lang='lat' dir='ltr'>medul-</span> 
     </span>
     <span class='ocr_line' id='line_1_26' title="bbox 93 3384 1099 3487; baseline 0.002 -26"><span class='ocrx_word' id='word_1_185' title='bbox 93 3389 141 3461; x_wconf 76' lang='lat' dir='ltr'>1ae</span> <span class='ocrx_word' id='word_1_186' title='bbox 169 3388 439 3487; x_wconf 79' lang='lat' dir='ltr'>dispositione,</span> <span class='ocrx_word' id='word_1_187' title='bbox 466 3386 541 3458; x_wconf 88' lang='lat' dir='ltr'>sive</span> <span class='ocrx_word' id='word_1_188' title='bbox 570 3384 648 3457; x_wconf 83' lang='lat' dir='ltr'>haec</span> <span class='ocrx_word' id='word_1_189' title='bbox 673 3411 695 3456; x_wconf 85' lang='lat' dir='ltr'>a</span> <span class='ocrx_word' id='word_1_190' title='bbox 724 3401 858 3459; x_wconf 82' lang='lat' dir='ltr'>natura</span> <span class='ocrx_word' id='word_1_191' title='bbox 882 3389 944 3476; x_wconf 89' lang='lat' dir='ltr'>sit,</span> <span class='ocrx_word' id='word_1_192' title='bbox 970 3391 1046 3462; x_wconf 86' lang='lat' dir='ltr'>sive</span> <span class='ocrx_word' id='word_1_193' title='bbox 1078 3415 1099 3463; x_wconf 83' lang='lat' dir='ltr'><strong>a</strong></span> 
     </span>
     <span class='ocr_line' id='line_1_27' title="bbox 96 3500 1100 3602; baseline 0.002 -24"><span class='ocrx_word' id='word_1_194' title='bbox 96 3504 261 3578; x_wconf 85' lang='lat' dir='ltr'>morbo:</span> <span class='ocrx_word' id='word_1_195' title='bbox 280 3521 338 3593; x_wconf 86' lang='lat' dir='ltr'>ut,</span> <span class='ocrx_word' id='word_1_196' title='bbox 357 3500 387 3578; x_wconf 89' lang='lat' dir='ltr'>si</span> <span class='ocrx_word' id='word_1_197' title='bbox 406 3504 532 3575; x_wconf 88' lang='lat' dir='ltr'>minus</span> <span class='ocrx_word' id='word_1_198' title='bbox 556 3500 704 3573; x_wconf 85' lang='lat' dir='ltr'>firmam</span> <span class='ocrx_word' id='word_1_199' title='bbox 724 3527 840 3602; x_wconf 84' lang='lat' dir='ltr'>quam</span> <span class='ocrx_word' id='word_1_200' title='bbox 856 3504 990 3596; x_wconf 85' lang='lat' dir='ltr'>altera,</span> <span class='ocrx_word' id='word_1_201' title='bbox 1012 3509 1100 3580; x_wconf 88' lang='lat' dir='ltr'>inti·</span> 
     </span>
     <span class='ocr_line' id='line_1_28' title="bbox 96 3611 1100 3727; baseline 0.002 -32"><span class='ocrx_word' id='word_1_202' title='bbox 96 3611 197 3727; x_wconf 81' lang='lat' dir='ltr'>mam</span> <span class='ocrx_word' id='word_1_203' title='bbox 214 3620 607 3711; x_wconf 79' lang='lat' dir='ltr'>haheatstructuram,</span> <span class='ocrx_word' id='word_1_204' title='bbox 624 3636 688 3724; x_wconf 83' lang='lat' dir='ltr'>aut</span> <span class='ocrx_word' id='word_1_205' title='bbox 702 3622 752 3711; x_wconf 89' lang='lat' dir='ltr'>si,</span> <span class='ocrx_word' id='word_1_206' title='bbox 771 3624 929 3695; x_wconf 86' lang='lat' dir='ltr'>velutin</span> <span class='ocrx_word' id='word_1_207' title='bbox 950 3648 995 3697; x_wconf 85' lang='lat' dir='ltr'>ea</span> <span class='ocrx_word' id='word_1_208' title='bbox 1012 3648 1100 3726; x_wconf 85' lang='lat' dir='ltr'>apo·</span> 
     </span>
    </p>
   </div>
   <div class='ocr_carea' id='block_1_5' title="bbox 133 4010 301 4183">
    <p class='ocr_par' dir='ltr' id='par_1_5' title="bbox 133 4010 301 4183">
     <span class='ocr_line' id='line_1_29' title="bbox 133 4010 301 4090; baseline 0.012 -2"><span class='ocrx_word' id='word_1_209' title='bbox 133 4010 179 4090; x_wconf 78' lang='grc' dir='ltr'>(ι)</span> <span class='ocrx_word' id='word_1_210' title='bbox 200 4014 301 4081; x_wconf 62' lang='lat' dir='ltr'>un.</span> 
     </span>
     <span class='ocr_line' id='line_1_30' title="bbox 172 4134 206 4183; baseline 0 0"><span class='ocrx_word' id='word_1_211' title='bbox 172 4134 206 4183; x_wconf 86' lang='lat'>1.</span> 
     </span>
    </p>
   </div>
   <div class='ocr_carea' id='block_1_6' title="bbox 0 0 1418 4668">
    <p class='ocr_par' dir='ltr' id='par_1_6' title="bbox 0 0 1418 4668">
     <span class='ocr_line' id='line_1_31' title="bbox 0 0 1418 4668; baseline 0 0"><span class='ocrx_word' id='word_1_212' title='bbox 0 0 1418 4668; x_wconf 95' lang='lat' dir='ltr'> </span> 
     </span>
    </p>
   </div>
  </div>
 </body>
</html>
