2774 4670
298 448 369 538 504
467 476 514 520 ns
541 473 688 522 srniuos
711 475 756 520 rr
780 473 905 520 causis
929 474 1140 522 nouorum

289 595 400 690 poris
419 587 580 675 cerebri,
599 605 637 658 ct
653 587 950 686 nihilpraeterec
968 590 1187 660 morbosum
1201 614 1297 686 repe·

296 708 399 777 risse.
421 692 503 775 Huc
520 703 617 775 adde
631 704 753 777 claros
768 705 871 776 viros
883 703 971 776 Abr.
985 706 1255 803 Kaarium(1),
1268 720 1299 775 et
1374 694 1375 703 ¹

297 822 551 894 Balthasarem
564 821 838 893 Walthierium.
855 822 924 894 Ille
944 823 1046 893 enim
1064 824 1105 894 in
1118 824 1299 895 classiario
1374 874 1375 879 η

299 941 439 1028 milite,
460 939 671 1038 epilepticis
691 938 894 1046 insultibus
914 940 981 1011 diu
998 940 1192 1029 obnoxio,
1212 942 1299 1013 etin

300 1057 439 1129 horum
460 1073 671 1155 postremo,
689 1058 756 1156 qui
776 1057 889 1157 longe
908 1057 1204 1133 violentissimus
1222 1056 1300 1144 filit,

300 1191 457 1274 repente
477 1191 651 1264 mortuo,
670 1199 758 1246 cum
772 1174 862 1263 alia,
876 1189 959 1245 tum
971 1174 1120 1247 cerebri
1129 1179 1301 1249 corticem

299 1319 379 1365 non
394 1293 512 1364 modo
531 1291 673 1390 ubique
687 1293 847 1365 multum
864 1291 1103 1382 induratum,
1124 1295 1194 1366 sed
1218 1292 1303 1365 mul·
1375 1282 1376 1285 ¹

305 1417 406 1483 ticin
427 1410 516 1482 locis
538 1410 788 1498 skirrhosum,
817 1416 856 1480 in
873 1410 961 1480 aliis
985 1417 1096 1508 quasi
1122 1412 1304 1507 cartilagi-

283 1554 286 1559 ’
302 1554 413 1600 neum
432 1529 636 1627 praesertim
654 1552 730 1626 quo
739 1534 903 1627 propior
919 1544 1004 1600 crat
1012 1535 1168 1617 vertici,
1184 1529 1305 1628 depre-

301 1647 446 1718 hendit.
478 1645 721 1720 Walthierius
743 1661 869 1718 autem
894 1646 942 1718 ad
968 1672 1029 1719 me
1048 1670 1137 1717 cum
1166 1649 1248 1720 aliis
1267 1646 1305 1717 de

303 1765 446 1863 quibus
460 1780 569 1837 antea
582 1762 637 1862 (a)
653 1765 970 1854 commemoravi,
984 1763 1306 1836 observationibus
1376 1810 1377 1847 3

187 1907 193 1915 ·
302 1883 403 1954 hanc
436 1907 590 1981 quoque
620 1882 743 1970 misit,
773 1881 883 1978 cujus
910 1905 1096 1954 summam
1125 1884 1306 1954 continuo

305 1999 528 2075 adscribam.

355 2121 412 2191 25.
439 2118 508 2188 Vir
540 2141 729 2187 annorum
759 2117 912 2214 triginta
934 2118 1129 2216 quinque,
1167 2117 1309 2190 habitus

309 2235 477 2335 gracilis,
492 2233 625 2306 dolore
644 2234 775 2331 capitis
787 2230 952 2305 frontem
962 2258 1092 2307 versus
1104 2261 1196 2306 cum
1206 2260 1309 2308 sensu
1376 2230 1378 2263 ²

307 2353 490 2453 ponderis
507 2367 724 2450 correptus,
738 2351 838 2422 benc
853 2351 983 2424 multis
995 2376 1078 2449 quae
1097 2353 1200 2423 intra
1217 2352 1310 2425 bien·
1376 2362 1377 2365 ’

308 2474 415 2543 nium
434 2469 672 2543 celeberrimi
701 2469 977 2568 imperaverant
998 2468 1161 2560 medici,
1182 2468 1310 2542 frustra

308 2590 488 2689 peractis,
503 2587 634 2658 incidit
654 2587 862 2658 incursum
882 2587 1075 2683 sanguinis
1088 2611 1135 2657 ex
1150 2587 1310 2674 naribus,
1378 2662 1379 2665 ,

311 2707 377 2805 qui
398 2722 599 2804 postquam
628 2727 763 2801 magna
780 2704 888 2802 copia
911 2700 1056 2801 erupit,
1074 2727 1145 2801 per
1166 2729 1207 2776 se
1233 2705 1310 2777 dein

308 2823 425 2895 lluere
446 2823 564 2894 desiit.
591 2819 758 2907 Postid,
794 2819 948 2892 orbatus
975 2817 1180 2893 olfaciendi
1205 2820 1310 2894 facul·

308 2956 400 3029 tate,
414 2938 551 3012 deinde
567 2937 775 3036 epilepticis
794 2937 1002 3035 prehensus
1017 2938 1244 3028 insultibus,
1261 2940 1310 3010 his
1378 2926 1379 2931 ἵ

310 3059 445 3155 saepius
470 3032 520 3126 ad
544 3078 664 3126 annos
688 3053 785 3126 duos
816 3052 1077 3144 conflictatus,
1115 3058 1309 3131 novissime

313 3175 469 3247 obierat.

361 3292 528 3363 Calcaria
543 3288 708 3374 reclusa,
737 3287 833 3358 nihil
856 3287 903 3358 ab
927 3303 1062 3360 natura
1078 3290 1247 3362 alienum
1267 3292 1310 3361 in·

311 3404 468 3483 ventum
491 3422 561 3496 est,
583 3406 655 3478 nisi
674 3405 721 3476 ad
737 3404 884 3479 cerebri
906 3407 1116 3494 anteriora,
1132 3406 1201 3478 ubi
1218 3410 1256 3478 in
1270 3409 1309 3479 si·

312 3529 433 3599 nistro
442 3523 594 3622 quidem
604 3524 718 3595 latere
732 3523 857 3620 aliqua
871 3523 1063 3619 sanguinis
1072 3526 1183 3621 copia
1195 3523 1309 3613 eflusa,

312 3673 333 3718 a
362 3646 502 3717 dextris
536 3658 659 3714 autem
682 3664 818 3712 ¹versus
848 3667 932 3712 eum
956 3666 1178 3738 processum
1208 3668 1309 3741 quem

351 3933 396 4011 (ι)
415 3936 451 3988 ln
464 3932 630 3989 Commeat.
643 3930 694 3988 cit.
709 3948 799 4006 supra
811 3929 858 3985 ad.
871 3948 901 3983 n.
919 3947 970 4002 19,
987 3927 1062 3985 Obs.
1077 3931 1169 3986 Anat.
1186 3949 1215 3986 a.

352 4032 396 4111 (a)
417 4035 453 4090 N.
471 4032 498 4089 3.
