2782 4668
191 453 259 500 mr.
288 455 312 499 1.
341 450 730 514 reminiscimus,
755 450 867 500 misr.
886 450 975 499 rm.
1027 419 1097 529 4'17

89 563 275 666 perfundi
283 567 500 662 jusserunt,
517 564 697 663 quasdam
714 561 869 637 fortasse
887 567 1111 653 curationes⁴

92 709 174 755 non
189 679 358 755 infelices
372 696 608 781 spectarunt,
628 707 708 779 quae
727 678 843 753 ferme
855 682 909 754 ad
923 683 1100 769 eumdem

42 822 45 827 ’
92 801 253 872 modum
289 802 330 870 in
361 802 463 900 regia
499 802 747 873 scientiarum
777 802 969 874 academia
997 805 1099 874 Pari-

94 944 209 992 srensr
229 916 283 1015 (1)
308 916 457 988 fuerant
481 933 792 990 commemorate
818 920 930 1009 Quod
958 920 1102 1017 hydro-

95 1033 250 1145 phobus
267 1035 313 1105 ad
328 1033 507 1105 balneum
522 1035 720 1109 accesserit
738 1036 859 1107 sciens
876 1036 1102 1133 volensque,

96 1152 227 1223 minus
247 1152 386 1222 mirum
413 1165 488 1239 est,
509 1174 623 1250 quam
645 1138 752 1224 illum
778 1148 973 1237 Meadii(2
977 1152 1104 1251 )pue-

96 1295 210 1358 rum,
238 1269 438 1366 inaquam
467 1268 707 1358 demersums
729 1295 883 1368 negasse
906 1296 1044 1369 aquam
1065 1294 1106 1343 se

14 1454 20 1468 ,
96 1389 253 1477 timere,
266 1411 308 1457 111
320 1408 442 1484 eaque
459 1387 651 1500 paulisper
660 1411 901 1485 acquievrsse
917 1388 1030 1478 Quod
1046 1387 1108 1462 de-

98 1506 218 1602 nique
244 1503 369 1577 cordis
387 1505 556 1575 auricula
578 1504 729 1576 dextera
750 1505 890 1577 vaide
881 1520 1034 1580 inventa
1058 1507 1108 1579 sit

100 1623 273 1710 dilatata,
291 1647 362 1694 nec
382 1623 486 1694 abiis
505 1637 632 1694 tamen
645 1648 729 1721 quae
743 1626 977 1712 contineret,
999 1621 1108 1695 facile

100 1742 156 1812 sic
181 1741 346 1838 accipio,
372 1756 414 1812 ut
438 1741 485 1811 ab
515 1765 620 1826 aere,
642 1742 709 1838 qui
731 1743 912 1812 nimirum
939 1741 1112 1843 conspici

99 1880 183 1930 non
197 1873 341 1956 potest,
357 1858 534 1947 distenta,
553 1860 660 1930 sicuti
677 1860 718 1930 in
734 1859 815 1931 aliis
839 1857 894 1957 (3)
916 1858 1108 1930 interdum

102 1964 254 2064 accidit,
274 1992 501 2067 servaretur,
525 2001 611 2048 cum
630 2002 694 2048 aer
710 1979 750 2047 in
778 1991 882 2076 tanta
901 1977 1108 2047 humorum

103 2095 376 2192 corruptione,
398 2111 576 2193 quantam
605 2098 845 2195 gravissimus
870 2095 933 2167 ille
947 2096 1060 2195 ⁴odor·
1073 2108 1111 2167 et

104 2212 335 2312 pulmonum,
348 2213 506 2310 nigredo
524 2214 794 2293 ostendebant,
813 2238 851 2287 se
866 2214 913 2285 ab
923 2213 997 2285 illis
1012 2214 1111 2285 evol·

103 2355 195 2402 vere
213 2355 292 2400 non
306 2319 459 2402 difficile
474 2348 601 2430 posset
620 2332 695 2429 (A),
720 2331 824 2434 quod
843 2331 953 2402 bullae
974 2336 1112 2421 aereaev,
1202 2406 1209 2417 ,

106 2446 177 2519 sub
193 2470 317 2518 crassa
334 2447 479 2518 cerebri
494 2450 671 2546 meninge
681 2448 965 2539 animadversae,
981 2438 1115 2520 confir·

105 2577 220 2636 mant.
236 2564 293 2635 Ad
310 2564 563 2661 eumdemque
582 2564 737 2636 fortasse
750 2564 907 2636 modum
924 2566 1113 2638 illaintel-

105 2681 258 2780 ligenda
293 2698 404 2770 sunt,
432 2707 514 2780 quae
548 2683 588 2751 in
620 2683 786 2754 sectione
817 2681 1064 2779 hydrophobi
1093 2709 1134 2756 a·

106 2796 365 2899 Brechtfeldio
390 2798 446 2896 (5)
473 2801 611 2896 scripta
639 2799 799 2897 legeris:
820 2799 945 2872 cordis
975 2800 1114 2872 dextra
1151 2790 1164 2897 *A
1275 2826 1278 2831 ‘

108 2917 282 2988 auricula
307 2923 500 3014 insigniter
519 2918 705 3005 tumebat,
732 2916 865 2989 dexter
887 2917 1115 2991 ventriculus

107 3040 290 3133 sanguine
311 3053 488 3132 grumoso
518 3037 677 3135 plenas,
714 3041 752 3105 in
779 3038 928 3107 sinistro
964 3043 1116 3133 sanguis

60 3136 65 3148 ⁴
100 3148 225 3249 plane
227 3151 389 3248 fluidam
403 3177 472 3223 cur
484 3154 584 3225 enim
596 3177 638 3224 ea
650 3177 732 3250 quae
746 3153 947 3223 ventriculi
962 3177 1041 3223 non
1054 3167 1115 3224 tu-

109 3266 206 3339 midi
221 3256 656 3357 continebant‚'di'ceret;
673 3293 756 3367 quae
769 3268 864 3340 adeo
880 3268 1042 3341 distenta
1053 3293 1129 3341 aua
