2774 4670
171 387 236 434 tin.
265 387 290 433 1.
319 384 366 433 nr
392 382 528 433 nonnis
554 383 710 448 ctrrrts,
736 382 847 433 nrrsr.
875 384 923 432 rx.
974 366 1047 458 479

63 497 233 595 adjunxit,
254 524 334 570 non
361 497 477 571 abre
507 495 661 569 fortasse
689 499 807 602 possit
835 498 1046 569 existimari.

62 617 272 703 Existimari,
289 617 447 713 inquam
462 669 472 702 ,
487 612 641 687 fortasse
656 615 773 711 possit
784 640 799 701 3,
813 636 899 687 nam
919 637 1047 710 reapse

61 755 194 817 causnn
222 731 355 820 fuisse,
376 720 444 807 siut
473 757 553 803 non
581 729 714 817 fitisse,
746 754 872 826 neque
901 753 1049 816 meum,

62 830 300 946 nequetuum
322 874 448 946 neque
475 847 588 919 ullius
607 846 773 919 hominis
795 860 850 917 est
871 847 910 915 in
927 847 1049 921 istius-

60 965 152 1039 modi
163 965 310 1039 casibus
324 962 591 1061 pronunciare.
610 967 742 1059 Itaque
762 967 922 1063 seposita
932 969 1050 1039 cranii

60 1080 297 1177 pelluciditate
325 1079 523 1153 adsedem
555 1094 793 1171 suturarum
809 1083 923 1182 longe
948 1086 1049 1156 enim

59 1197 126 1269 aliae
142 1195 296 1271 fuerunt
310 1183 447 1273 harum
465 1196 770 1285 constitutiones,
789 1225 871 1296 quae
886 1201 933 1273 ab
951 1226 1051 1275 non-

59 1311 159 1386 nullis
176 1313 232 1412 (1)
252 1312 444 1411 epilepsiae
461 1335 572 1385 causa
590 1312 738 1384 creditae
758 1333 867 1405 sunt,
884 1319 1051 1391 animad-

60 1455 154 1505 versa
182 1445 309 1503 autem
334 1455 357 1501 a
383 1430 496 1501 nobis
524 1430 651 1501 minus
677 1427 831 1505 fortasse
847 1436 886 1503 in
905 1434 1051 1507 adoles-

60 1564 156 1621 cente
180 1546 412 1631 attendenda
437 1561 516 1634 ‚est3
541 1546 582 1616 in
602 1549 749 1619 caeteris
774 1546 852 1623 fere
875 1550 1053 1625 omnibus

60 1689 132 1761 quae
146 1665 324 1736 adnotata
344 1677 452 1750 suut,
469 1664 499 1732 si
511 1685 590 1751 non
602 1686 770 1752 causam,
786 1681 823 1736 at
834 1668 910 1737 vim
921 1650 1052 1741 saltem

60 1805 132 1878 que
143 1782 190 1855 ad
206 1780 414 1879 juvandam
432 1804 581 1855 causam
598 1781 738 1853 ualeret
755 1783 836 1877 ejus
850 1783 897 1855 de
913 1776 1053 1880 'qualo-

58 1900 221 1994 quimur‚
236 1899 444 2001 epilepsiae,
460 1898 623 1994 inquiri,
640 1911 677 1969 et
685 1899 823 1994 conjici
831 1924 940 1998 posse
954 1957 964 1990 ,
979 1927 1055 1976 sus·
1070 1943 1072 1949 ν

57 2018 177 2113 picor;
201 2040 354 2104 causam
373 2030 499 2086 autem
516 2016 743 2112 praecipuam
759 2041 869 2114 posse
892 2021 932 2093 in
957 2045 1054 2118 aqua

56 2138 141 2232 poni
158 2160 242 2235 quae
259 2136 299 2207 in
314 2132 534 2207 ventriculis
545 2133 700 2225 inuenta
711 2150 786 2222 ost,
802 2138 879 2208 sive
887 2163 929 2209 ea
938 2140 1055 2210 multa

56 2251 90 2321 in
105 2254 292 2342 vivo‚seu
315 2273 434 2348 pauca
459 2246 582 2325 fuerit.
601 2251 728 2323 Fuisse
753 2266 878 2324 autem
894 2255 1051 2325 multam

54 2369 89 2439 in
105 2370 337 2469 hydropico,
356 2367 557 2440 verisimile
575 2383 654 2439 est:
675 2369 780 2465 quod
793 2369 943 2445 videtur
960 2395 1049 2442 con·
1076 2424 1081 2429 ·

51 2483 213 2577 firmare,
242 2487 388 2558 Willisii
410 2510 566 2584 quoqne
597 2485 651 2582 (2)
679 2487 842 2582 J'udicio,
870 2488 1049 2584 plexuum

51 2602 271 2677 choroidum
285 2605 426 2702 pallor,
444 2629 658 2702 eorumque
682 2620 720 2678 et
734 2603 887 2679 fornicis
905 2607 1049 2696 laxitas,

51 2734 85 2795 et
99 2723 161 2795 illa
178 2722 287 2820 quasi
301 2721 478 2819 gelotinoe
498 2724 642 2821 species
658 2723 728 2796 sub
743 2726 846 2796 tenui
861 2728 1047 2825 meninge.

50 2837 123 2910 Nec
143 2863 236 2911 vero
264 2838 359 2912 illud
388 2838 532 2928 obstat,
557 2839 662 2937 quod
688 2864 807 2937 pauca
827 2865 924 2938 aqua
951 2845 1051 2915 intra

51 2958 219 3028 cranium
241 2958 383 3029 mortui
404 2973 553 3056 reperta
578 2959 643 3041 sit,
660 2959 779 3029 Facile
804 2962 905 3030 enim
928 2962 1051 3059 potuit
1107 3031 1116 3047 ,
1148 3030 1151 3040 ,

50 3095 133 3147 cum
145 3100 167 3147 a
180 3075 391 3151 cervicibus
410 3092 525 3175 caput
538 3075 821 3165 abscinderent,
841 3078 961 3151 multo
974 3105 1051 3151 nta-

49 3194 144 3265 xitna
158 3181 266 3291 aquae
283 3218 370 3291 pars
386 3218 455 3292 per
467 3195 604 3267 tubum
614 3194 872 3267 vertebrarum
887 3194 1049 3270 effluere.

48 3311 159 3401 Quod
174 3312 205 3384 si
219 3310 339 3385 multa
353 3304 468 3410 igitur
482 3308 577 3398 fuit3
594 3325 700 3383 tanto
722 3314 839 3410 magis
856 3315 1053 3411 premebat

47 3428 175 3511 laxum
191 3429 395 3518 fornicem,
421 3441 567 3526 quanto
600 3423 717 3525 magis
736 3428 883 3525 reliqua
907 3432 1053 3505 cerebri
1148 3488 1155 3499 ,

83 3716 129 3795 (1)
151 3719 231 3776 Sect.
252 3719 308 3799 hae
324 3717 481 3797 Sepulchr.
499 3732 535 3771 n
555 3714 588 3771 in
602 3714 741 3791 Append.
766 3713 805 3771 ad
820 3713 885 3771 obs.
899 3714 953 3785 32,
974 3717 1051 3777 etin

47 3817 203 3875 Additum.
214 3819 280 3877 obs.
294 3825 323 3887 4.

85 3915 133 3994 (a)
156 3919 235 3976 Sect.
249 3916 387 3992 proxima
401 3916 452 3985 13,
468 3915 533 3973 obs.
547 3933 575 3986 7.
