2774 4666
303 449 375 499 210
465 445 511 494 DE
537 441 684 493 suntuna
697 442 753 489 *tr
778 441 901 491 ctusts
927 443 1139 493 MORBORUH

303 559 441 632 badico
474 558 663 656 Episcopo
696 557 885 628 Patavino.
914 556 987 629 Sed
1020 556 1100 629 haec
1131 558 1255 655 alias(
1279 557 1304 654 )

300 678 433 763 Nunc,
451 675 633 773 quoniam
652 674 808 746 materia
826 699 909 771 quae
925 674 1133 764 irritando,
1157 691 1194 747 et
1217 700 1304 746 con·

301 793 478 865 vellendo
504 792 706 889 propositae
724 786 897 861 mulieris
911 791 1132 878 cerebrum,
1148 806 1304 863 mortem

299 912 443 1000 attulit,
462 909 635 981 dubitare
652 922 782 1006 potes,
801 928 850 978 an
868 931 987 1006 pauca
1006 906 1138 997 fuerit,
1153 908 1302 1006 quando

298 1053 377 1098 non
396 1029 518 1099 solum
536 1028 576 1096 in
587 1024 808 1097 ventriculis
824 1025 897 1096 seri
911 1025 1128 1124 paululum,
1145 1025 1302 1124 sedprae

298 1160 356 1217 ter
377 1145 628 1241 gelatinosom
654 1146 755 1213 circa
785 1142 1004 1239 meningem
1026 1156 1202 1230 tenuem,
1218 1165 1304 1213 con·

296 1264 527 1349 cretionem,
549 1260 711 1331 crassius
732 1282 885 1355 quoque
911 1280 1036 1330 serum
1055 1275 1302 1357 conspectum

296 1393 368 1464 est,
385 1377 510 1474 quod,
537 1376 667 1448 duma
689 1376 825 1474 spinali
848 1375 1013 1447 medulla
1038 1375 1301 1474 amputabatur

295 1494 515 1583 cerebrum,
532 1494 719 1565 emanavit
734 1488 889 1565 fortasse
910 1518 955 1565 ex
972 1495 1148 1590 proximo
1163 1496 1300 1565 ventri-

294 1611 381 1683 culo
395 1626 551 1707 quarto,
563 1610 634 1680 ne'o
650 1632 807 1706 prorsus
821 1608 983 1680 absimili
1000 1609 1238 1681 dubitatione
1248 1634 1301 1681 ca·

196 1825 201 1836 l
294 1744 352 1801 ret
365 1727 521 1799 historia
537 1727 652 1797 altera
662 1725 934 1821 jureconsulti,
947 1751 1030 1823 quae
1041 1750 1155 1826 supra
1167 1728 1223 1826 (a)
1237 1727 1299 1799 tibi

295 1846 460 1943 exposita
478 1857 552 1931 est;
576 1843 704 1941 accipe
720 1841 873 1914 tandem
894 1841 1090 1914 historiam
1112 1846 1299 1941 quintam,

293 1961 494 2048 Valsalvae,
509 1974 547 2030 et
562 1957 658 2031 mihi
673 1982 935 2047 communem,
951 1961 1041 2035 civis
1055 1959 1158 2032 illius
1181 1966 1298 2033 Bono·

293 2077 452 2163 niensis,
468 2077 515 2147 de
533 2099 612 2173 quo
624 2076 675 2147 ob
691 2075 842 2149 auditus
856 2078 1095 2175 gravitatem,
1110 2078 1297 2176 hujusque

293 2219 443 2267 causam
470 2195 614 2266 mentio
646 2191 742 2265 facta
775 2210 830 2267 est
859 2196 899 2265 in
932 2195 1089 2293 epistola
1112 2197 1296 2291 *anatomi-

292 2311 500 2409 eavl1(3)

344 2455 396 2501 ιι.
425 2432 492 2502 Vir
509 2442 588 2500 erat
604 2452 794 2499 annorum
811 2431 962 2501 circiter
978 2422 1233 2528 septuaginta,
1250 2430 1294 2502 la·
1372 2430 1373 2433 ’

289 2550 345 2621 cie
362 2546 516 2646 pallida,
532 2545 668 2617 auditu
684 2546 805 2643 gravi,
828 2547 1003 2644 vertigini
1028 2546 1241 2637 interdum,
1262 2562 1294 2620 et
1371 2526 1372 2537 ἵ

288 2668 425 2736 virium
439 2664 613 2763 languori
630 2662 839 2749 obnoxius,
855 2665 1042 2736 tremulus
1055 2663 1291 2763 praeterea,id
1369 2670 1370 2673 ’

289 2782 394 2881 quod
413 2781 502 2852 inde
521 2778 697 2851 accidisse
718 2779 920 2878 putabant,
943 2781 1048 2878 quod
1064 2782 1207 2856 multos
1221 2784 1290 2878 jam
1367 2874 1368 2877 Ἴ

287 2924 408 2972 annos
417 2912 577 2970 tractare
590 2906 838 2969 consueverat
847 2913 1046 2993 argentum
1057 2900 1290 2987 vivum,ma·

287 3042 400 3115 gnam
432 3015 597 3109 denique
621 3013 767 3085 habens
792 3016 1045 3086 enterocelem
1072 3016 1112 3088 in
1143 3016 1288 3090 dextera
1365 3060 1366 3075 κ

286 3136 399 3208 scroti
415 3147 541 3229 parte,
566 3128 697 3200 caetera
713 3153 825 3202 mnus
841 3131 956 3219 adeo,
978 3148 1014 3204 et
1030 3132 1232 3222 robustus,
1253 3147 1289 3206 ut

284 3251 414 3322 veneri
434 3272 514 3319 non
534 3271 641 3319 secus
660 3263 775 3345 atque
799 3247 1036 3338 adolescens,
1063 3272 1152 3325 cum
1177 3274 1287 3324 uxore

285 3367 451 3438 melioris
469 3365 584 3455 aetatis
600 3380 821 3463 perstrenue
846 3388 1000 3464 operam
1028 3365 1145 3441 daret.
1170 3371 1284 3460 Quam
1353 3372 1359 3387 '

285 3499 321 3557 et
338 3481 459 3582 pridie
477 3483 558 3577 ejus
579 3481 654 3554 diei
669 3482 843 3572 dederat,
861 3509 939 3582 quo
954 3479 1014 3556 die
1038 3506 1126 3556 cum
1149 3485 1284 3569 alacer,

319 3799 363 3876 (ι)
382 3798 477 3873 Epist.
494 3804 548 3874 49,
566 3818 596 3855 n.
612 3798 667 3870 30,
680 3800 729 3857 31.

319 3898 363 3975 (a)
384 3900 423 3953 N.
440 3905 467 3964 l..

320 3997 364 4074 (3)
386 3997 423 4053 N.
440 3994 469 4050 6.
