2784 4668
189 498 260 544 tm.
287 499 313 543 1.
340 497 388 547 nr
413 470 550 543 noeirs
575 494 869 560 car1r1s,rr1sr.
897 498 953 546 111.
1011 474 1074 548 151

80 612 186 697 satius
206 623 282 698 est,
297 623 335 683 et
354 631 442 705 cum
460 621 563 680 tanta
581 608 645 679 illa
669 634 754 708 quae
774 611 870 681 vasis
887 635 957 709 per
977 608 1083 684 ceress

79 727 182 801 brum
205 724 446 825 reptantibus
467 725 669 824 peculiaris
690 741 767 815 est,
793 728 1007 801 tunicarum
1030 744 1084 802 te·

79 847 212 921 unitate
239 845 531 943 congruentius,
551 845 783 935 existimare,
802 845 871 917 nbi
892 845 940 918 ad
959 846 1083 918 modi-

81 986 178 1053 cam,
196 978 235 1035 et
249 965 338 1051 vix,
357 977 423 1035 aut
435 986 484 1033 nc
502 963 565 1033 vix
579 961 738 1059 quidem
755 963 796 1034 in
810 963 944 1035 oculos
963 965 1085 1036 incur·

80 1095 218 1153 rentem
237 1081 406 1167 sensim,
432 1094 497 1153 aut
521 1078 597 1151 cito
623 1077 880 1153 dilatationem
906 1102 1087 1178 pervene-

81 1199 169 1286 rint,
187 1212 348 1297 repente
368 1197 573 1297 disrumpi,
589 1212 626 1271 et
644 1220 716 1298 pro
731 1200 833 1271 varia
847 1200 991 1273 vasculi
1005 1200 1084 1271 dia-

82 1330 216 1406 metro,
251 1302 290 1390 et
322 1331 488 1416 rupturae
520 1316 791 1416 amplitudine,
824 1332 862 1389 et
893 1318 1085 1415 sanguinis

84 1435 209 1531 copia,
226 1450 266 1509 et
283 1436 430 1535 impetu
444 1460 467 1506 a
485 1449 593 1534 tergo
612 1460 736 1534 usque
754 1450 792 1507 et
807 1460 930 1533 usque
945 1458 1087 1532 urgen-

84 1550 149 1640 tis,
174 1567 211 1625 et
234 1553 384 1627 cerebri
403 1554 515 1626 etiam
535 1553 702 1643 laxitate,
723 1554 838 1651 paulo
858 1554 985 1640 citius,
1010 1566 1087 1622 tar-

85 1666 205 1745 diusve
226 1673 415 1768 majores,
438 1674 651 1745 minoresve
673 1695 851 1770 cavernas
874 1668 977 1758 fieri,
1003 1668 1087 1740 has-

87 1813 153 1883 que
165 1813 236 1888 pro
252 1789 416 1875 minori,
431 1805 496 1862 avit
505 1790 640 1886 majori
648 1789 832 1887 parietum
847 1787 1086 1876 laceratione,

89 1920 143 1975 ant
158 1930 229 2003 pro
243 1909 348 1981 varia
367 1908 605 1981 lacerationis
625 1906 712 1981 sede
733 1906 851 1977 modo
870 1904 1087 1992 conclusas,

90 2024 193 2099 modo
210 2026 253 2097 in
273 2002 524 2116 ventriculds‚
550 2041 615 2098 aut
637 2038 873 2110 extrorsum,
893 2030 961 2120 per
985 2047 1088 2094 cere·

91 2138 142 2213 bri
156 2143 333 2217 videlicet
346 2140 605 2242 superficiem,
627 2142 819 2217 autetiam
839 2154 1005 2237 utroque
1024 2164 1088 2238 pa-

91 2272 208 2334 tentes.
229 2261 340 2335 Cedit
355 2261 458 2335 enim
472 2260 693 2333 mollissima
706 2258 854 2332 cerebri
864 2257 1089 2347 substantia,

91 2393 357 2478 urgentemque
372 2378 594 2476 sanguinem
612 2375 794 2485 admittit3
810 2376 862 2445 sic
875 2373 988 2446 simul
1001 2398 1089 2473 apo-

95 2493 223 2588 plexia,
242 2510 283 2570 et
301 2506 461 2571 caverna
478 2491 521 2565 fit
536 2521 544 2565 :
562 2517 646 2592 quae
668 2491 790 2565 donec
808 2494 865 2562 vis
883 2490 1030 2579 cordis,
1053 2506 1091 2563 et

94 2616 305 2689 arteriarum
331 2637 411 2685 non
436 2610 686 2709 elanguescit,
707 2622 867 2706 augetur
890 2631 1027 2706 porro,
1054 2621 1091 2679 et

98 2750 171 2801 cum
202 2733 286 2830 ipsa
315 2743 475 2828 angetur
496 2726 714 2825 apoplexia,
733 2726 805 2796 nisi
822 2725 1010 2813 medicus,
1030 2725 1090 2795 vel

97 2844 210 2942 potius
233 2871 353 2947 quam
375 2846 585 2918 rarissimus
607 2842 745 2941 aliquis
768 2865 876 2913 casus
899 2841 1090 2914 medicum

97 2963 266 3060 adjuvans
288 2963 531 3051 interveniat,
547 2961 783 3057 ulteriusque
812 2960 1091 3030 incrementum

98 3083 287 3176 prohibeat
303 3081 369 3181 (1).
388 3083 490 3173 Quin
508 3080 629 3151 moles
650 3080 731 3177 ipsa
753 3091 790 3149 et
812 3077 963 3175 pondus
982 3075 1092 3151 efflusi

100 3203 280 3299 sanguinis
297 3203 337 3271 in
356 3222 574 3286 cavernam,
599 3212 663 3268 aut
684 3221 729 3268 ex
758 3195 828 3265 hac
847 3198 887 3271 in
903 3198 1092 3267 ventricu-

100 3314 185 3405 lum,
198 3321 259 3392 vel
278 3336 365 3418 post
382 3333 544 3390 mortem
562 3338 840 3412 nonnunquam
860 3328 985 3413 potest
1007 3340 1092 3412 par-

99 3433 240 3508 ticulam
266 3434 430 3535 aliquam
450 3459 717 3534 perrumpere,
737 3446 781 3502 ut
798 3447 890 3533 puta
907 3447 1091 3531 pertenue

102 3569 235 3649 septum
261 3554 451 3642 lucidum,
471 3553 676 3650 praesertim
701 3575 790 3620 eum
809 3549 998 3621 cadaveris
1017 3550 1094 3648 agi·

101 3679 189 3741 tatur
206 3688 339 3772 caput,
355 3686 418 3742 aut
437 3674 630 3743 insanum
650 3667 796 3741 cerebri
818 3667 1023 3738 inclinatur
1042 3666 1096 3736 la·

139 4006 178 4086 (ι)
196 4011 265 4071 Vid.
277 4011 372 4089 Epist.
387 4030 423 4083 a,
438 4031 468 4069 n.
486 4009 531 4070 16.
