2780 4666
278 401 350 488 344
441 424 486 471 nr
511 423 656 471 snnrnns
680 425 724 469 nr
749 422 871 471 censis
897 422 1106 473 nonnornn

277 539 343 610 das
353 538 607 634 velitumque
618 537 788 633 egregius
798 536 1276 633 anatomicusCoiterus(1)

278 655 439 739 nullam,
456 655 600 752 inquit,
615 677 681 723 nec
696 660 733 723 in
752 655 994 740 membranis,
1012 678 1080 724 nec
1090 659 1129 722 in
1139 655 1279 724 cerebri

274 774 480 843 substantia
509 769 782 868 deprehendere
803 776 903 867 quivi
922 772 1273 867 inflammationem:

205 966 208 977 Ι
277 889 351 960 hnc
372 904 496 960 autem
517 887 698 984 adjungas
721 912 803 985 quae
825 888 940 959 solers
963 886 1057 958 alter
1080 902 1277 985 prosector

277 1005 508 1092 observavit,
537 1005 663 1100 potius
692 1027 806 1100 quam
831 1003 871 1073 in
897 1004 1146 1101 Sepulchreto
1178 1003 1276 1101 apud

275 1122 465 1194 Rhodium
483 1123 606 1219 ipsum
621 1121 675 1218 (o)
693 1121 860 1218 legenda.
877 1119 1047 1192 Rhodius
1063 1122 1171 1192 enim
1194 1145 1274 1191 cum
1381 1148 1382 1181 1

274 1255 462 1336 repertam
480 1239 518 1307 in
540 1263 617 1308 uno
632 1235 845 1334 phrenitico
858 1238 1101 1332 meringum,
1118 1252 1157 1307 et
1177 1262 1275 1309 cere·
1381 1248 1382 1261 ¹

275 1353 336 1424 bri
358 1352 690 1422 inflammationem
716 1352 990 1449 proposuisset}
1015 1366 1057 1421 at
1082 1355 1278 1423 Fabricius
1381 1344 1382 1435 ᾗ

276 1468 489 1540 Bartoletue
507 1473 568 1538 vir
583 1467 737 1562 diligens
765 1491 811 1536 ac
836 1463 1014 1561 ingennus
1041 1469 1135 1539 mibi
1149 1471 1279 1561 stersus

277 1602 349 1673 est,
366 1586 509 1682 inquit,
523 1609 561 1654 re
573 1590 611 1652 in
618 1581 795 1680 plurimis
805 1583 1105 1681 phreniticorum
1123 1570 1279 1657 cadave-
1381 1584 1382 1595 ’

275 1704 376 1772 ribus
397 1706 571 1772 inveniere
584 1703 883 1798 piam-matrem
908 1704 985 1769 sine
1009 1707 1113 1770 omni
1142 1706 1282 1774 cerebri
1381 1698 1382 1705 '

275 1844 381 1888 noua
398 1820 676 1913 inflammatam.
695 1815 808 1904 Qirod
825 1817 856 1886 si
877 1814 981 1888 haud
1005 1815 1114 1889 facile
1139 1819 1279 1906 credis,
1381 1808 1382 1879 ἶ

276 1949 368 2005 tunc
385 1934 562 2003 corticem
579 1931 708 2002 saltem
726 1930 872 2003 cerebri
885 1957 992 2003 noxie
1002 1933 1146 2032 aliquid
1158 1960 1181 2005 a
1195 1961 1279 2008 con·
1381 1948 1382 2021 ᾗ

277 2052 379 2146 tigna
394 2050 569 2144 meninge
584 2073 663 2119 non
682 2050 928 2136 contraxisse3
948 2073 1035 2121 cave
1059 2065 1189 2123 tamen
1212 2078 1279 2151 pu·

278 2181 353 2252 tes,
370 2189 456 2236 cum
474 2163 621 2235 cerebri
632 2179 761 2237 cortex
776 2181 831 2237 est
843 2163 1113 2254 inflammatus,
1132 2193 1281 2268 semper

278 2298 370 2352 tunc
397 2304 475 2355 esse
501 2279 767 2379 phrenitidem.
785 2284 880 2352 Nam
897 2282 1075 2354 Willisius
1095 2283 1200 2356 idem
1216 2288 1280 2383 qui
1381 2328 1382 2365 2

277 2398 410 2495 saepius
429 2395 529 2468 hanc
555 2396 685 2468 abesse
709 2397 801 2467 vidit
828 2421 914 2469 cum
939 2413 1062 2470 essent
1084 2403 1279 2500 meninges
1381 2384 1382 2431 ⁷

277 2510 531 2599 inflammatae,
552 2513 683 2584 docuit
710 2512 851 2584 ibidem
872 2513 945 2610 (3),
968 2530 1060 2610 tunc
1081 2517 1195 2589 etiam
1215 2518 1278 2599 ab7
1381 2514 1382 2527 ¹

277 2630 389 2702 fuisse
404 2654 673 2726 nonnunquam
680 2684 692 2716 ,
712 2652 796 2699 cum
810 2632 950 2701 cerebri
961 2639 1186 2704 exteriorem
1203 2660 1277 2705 arn-

278 2749 396 2817 bitum
424 2744 583 2818 offendit
609 2763 752 2816 tumore
770 2745 1051 2844 phlegmonode
1083 2752 1276 2822 obsessum.

276 2866 353 2935 Nec
368 2864 445 2934 aliae
459 2864 595 2934 desunt
614 2888 699 2961 ‚quae
720 2862 759 2931 id
776 2862 1021 2952 confirment,
1048 2864 1277 2939 observatio·

276 3005 355 3068 neS‚
363 2982 401 3051 in
414 2979 549 3077 hisque
558 3004 600 3051 ea
608 3006 690 3078 quae
700 2995 797 3051 extat
805 2978 1145 3080 Sepulchretilibro
1154 2983 1275 3081 lvd).

281 3101 414 3166 Tenuis
433 3098 534 3191 eninr
549 3103 699 3175 menina
715 3111 797 3166 erat
820 3113 857 3167 et
876 3104 958 3195 ipra
978 3100 1209 3189 rubicunda,
1234 3127 1276 3172 ac

275 3213 346 3283 sub
364 3219 445 3309 ipsa
452 3238 530 3309 pue
549 3213 830 3283 craesiurcuium
844 3229 882 3284 et
899 3215 1095 3306 subrufitm
1111 3244 1122 3284 .·
1136 3243 1274 3312 nequa-

223 3328 231 3349 '
278 3353 391 3424 quam
407 3343 530 3398 tamen
544 3353 643 3425 (eger
657 3327 836 3401 deliravit.
855 3330 956 3419 Quid
973 3356 1063 3428 ergo
1080 3335 1165 3404 est?
1183 3340 1273 3405 Cum

332 3644 360 3721 1)
382 3564 539 3707 Sectdhac.
555 3663 588 3714 7,
603 3644 757 3718 Sepulchr.
771 3647 834 3704 obs.
850 3646 895 3704 16.

331 3743 360 3820 α)
381 3744 464 3799 Ceut.
482 3763 512 3813 1,
527 3742 599 3799 Obs.
613 3744 693 3799 Med.
709 3750 755 3810 40.

275 3834 283 3896 Ϊ
378 3840 450 3898 Obs.
472 3861 484 3896 1
504 3841 553 3897 cit.

315 3643 327 3720 (

316 3741 328 3819 (

314 3841 345 3918 (3

315 3940 358 4018 (l.)
379 3943 455 4000 Sect
472 3942 504 4014 3,
519 3942 589 4001 obs.
606 3945 688 4013 1o‚§
