2782 4668
301 388 373 475 416
473 411 519 457 nn
545 409 691 457 sautans
715 410 760 456 nr
785 409 908 457 caus1s
933 410 1144 459 nonnosum

301 539 396 595 rent.
416 523 487 593 Sed
507 522 572 593 ub'i
592 547 637 593 eo
659 539 903 612 ventumst,
924 527 1114 614 cunctari,
1133 541 1227 599 etse
1242 530 1300 599 mi·

301 642 402 711 nime
419 640 599 743 idlposse‚
618 639 753 711 dicere.
774 645 905 738 Itaque
918 642 957 712 in
972 666 1110 740 aquam
1125 646 1301 716 miserunt

302 757 555 856 deprimentes
573 783 590 828 s
605 783 646 843 c,
672 772 713 828 ut
726 756 887 829 biberet.
907 760 1154 857 Flagitantem
1172 760 1299 832 deinde

300 890 342 946 ut
360 900 398 947 se
419 875 678 963 extraherent,
702 890 958 964 extraxerunt,
975 877 1014 946 in
1032 876 1214 975 lectoque
1230 878 1300 949 col-

300 993 473 1064 locarunt
492 992 728 1091 quietiorem.
744 995 830 1062 Non
849 992 971 1064 multo
991 1009 1079 1091 post
1096 1010 1229 1067 tamen
1249 994 1300 1065 fri·

299 1110 409 1208 gidus
423 1109 506 1181 fieri
524 1112 655 1208 coepit,
671 1110 917 1207 proximaque
928 1126 1042 1183 nocte
1056 1127 1298 1184 estmortuus.

300 1227 467 1298 Cadaver
495 1229 564 1298 etsi
588 1226 734 1298 decima
763 1240 865 1297 sexta
893 1251 914 1296 a
939 1242 1061 1298 morte
1088 1227 1206 1316 hora,
1227 1255 1297 1300 nou

297 1344 462 1432 tardius,
481 1345 642 1433 incisum
666 1359 742 1431 est,
762 1358 798 1414 et
817 1357 1020 1442 tempestas
1038 1347 1160 1442 magis
1175 1346 1225 1416 ad
1240 1344 1298 1416 fri-

299 1487 368 1563 gus
385 1478 577 1559 vergeret,
596 1485 710 1560 quarn
727 1486 775 1532 eo
791 1476 964 1559 tempore
981 1460 1043 1532 bic
1060 1463 1182 1535 soleat
1203 1463 1298 1560 (erat

298 1581 398 1651 enim
417 1579 561 1652 medius
580 1578 794 1677 september
818 1579 1059 1677 anni1723);
1076 1580 1156 1676 jam
1178 1595 1296 1652 tamen

298 1697 393 1770 adeo
410 1697 507 1768 male
526 1697 670 1785 olebat,
683 1713 725 1769 ut
740 1694 914 1770 festinare
931 1712 1119 1769 secantem
1138 1716 1298 1797 cogeret,

298 1831 336 1888 et
359 1815 615 1903 animadversa
637 1816 677 1885 in
703 1840 769 1888 sua
793 1816 957 1889 vesicula
979 1815 1056 1886 bile
1075 1817 1297 1914 nigerrima,

298 1948 532 2031 amputatum
550 1949 683 2031 caput,
702 1932 918 2004 etdetracta
933 1932 1100 2007 thoracis
1111 1936 1297 2006 viscerain

297 2067 470 2150 apertum
491 2051 617 2121 locum
634 2065 827 2149 asportare
841 2103 852 2137 ,
864 2048 932 2121 ubi
949 2048 1169 2148 diligentius
1185 2053 1297 2150 inspi-

298 2183 485 2240 cerentur.
506 2171 706 2241 Pulmones
724 2184 761 2240 et
777 2168 849 2265 ipsi
866 2191 977 2265 grave
985 2166 1148 2251 olebant
1163 2222 1173 2254 ‚
1194 2170 1300 2268 nigri·

298 2310 372 2383 que
394 2302 510 2357 erant.
538 2287 671 2359 Cordis
702 2285 869 2357 auricula
894 2284 1046 2356 dextera
1072 2285 1183 2356 valde
1208 2301 1297 2374 erat,

298 2405 469 2501 quamvis
486 2429 565 2474 non
583 2402 630 2474 ab
650 2403 695 2476 iis
714 2428 795 2500 quae
816 2403 1047 2491 contineret,
1061 2402 1241 2498 dilatata:
1256 2404 1298 2475 si·

297 2523 413 2594 nistra
432 2522 663 2593 arctissima:
681 2522 721 2591 in
738 2519 957 2593 ventriculis
971 2520 1164 2618 polyposae
1175 2537 1298 2594 tenues

298 2640 571 2724 concretiones.
593 2638 748 2711 Ceaebri
768 2637 863 2711 dura
885 2639 1040 2708 meninx
1062 2640 1140 2709 suis
1156 2640 1197 2709 in
1216 2639 1297 2710 siui-

296 2756 369 2830 bus
388 2758 650 2829 concretiones
660 2755 796 2827 hahuit.
811 2754 978 2851 ejusdem
992 2738 1163 2852 generis,
1179 2756 1246 2843 sed
1254 2753 1296 2827 la·
1377 2792 1378 2803 κ

296 2876 367 2949 cile
387 2873 663 2961 dissolvendas,
680 2889 717 2945 et
737 2875 843 2971 quasi
862 2873 1045 2970 adiposas.
1066 2873 1146 2944 Sub
1167 2900 1211 2944 ea
1225 2897 1295 2944 me·

296 2993 412 3091 ninge
428 2990 541 3062 bullae
558 3016 682 3062 aereae.
699 2995 796 3069 Vasa
813 2991 940 3062 omnia
958 2989 1105 3060 cerebri
1122 2993 1296 3087 sanguine

296 3110 430 3208 plena,
448 3123 491 3180 ut
507 3108 709 3182 choroides
719 3108 851 3207 plexus
862 3108 1101 3205 nigricarent.
1115 3109 1222 3179 Nihil
1232 3108 1296 3180 seri

297 3223 469 3299 effusum.
500 3226 674 3313 Cerebri,
693 3241 731 3298 et
762 3224 938 3298 cerebelli
970 3223 1177 3296 substantia
1210 3228 1296 3310 sicca

235 3398 240 3409 .
298 3347 443 3443 potius,
465 3370 580 3443 quam
609 3341 778 3414 humida.
805 3342 893 3413 Aliae
912 3356 1049 3440 praeter
1070 3342 1157 3431 has,
1178 3356 1293 3442 partes

299 3463 349 3534 ob
368 3490 449 3535 eam
470 3486 619 3535 causam
638 3486 719 3559 quac
737 3461 835 3533 dicta
850 3475 923 3548 est,
938 3462 1116 3557 inspectae
1133 3485 1213 3531 uon
1225 3457 1295 3530 fue·

297 3599 398 3652 runt.
419 3580 519 3652 Illud
541 3581 716 3652 universe
735 3578 957 3649 adnotatum
976 3592 1054 3665 est,
1080 3578 1294 3675 sanguinem

202 3708 204 3713 ’
296 3697 409 3770 fuisse
445 3697 659 3796 ejusmodi,
685 3712 727 3766 ut
758 3697 805 3767 ad
835 3696 1120 3779 concretionem
1154 3694 1292 3793 potius,

299 3844 413 3917 quam
431 3817 478 3889 ad
496 3817 743 3901 solutionem,
758 3799 972 3886 inclinaret.
1038 3908 1044 3919 ἡ

349 3945 405 4030 24.
422 3938 535 4029 Quod
548 3936 684 4011 medici
698 3951 807 4031 capnt
818 3934 859 4029 lig.
872 3931 1064 4031 <bolthebi
1077 3933 1193 4003 multa
1204 3950 1294 4027 aqua
