2782 4668
332 389 402 462 368
499 413 546 459 ns
573 410 719 461 senrnus
743 412 787 457 ΕΤ
813 411 936 458 clusis
964 412 1175 460 nonnosum

333 550 419 596 cum
435 524 566 595 deliria
580 526 810 612 excitantur3
825 547 886 595 me
900 548 979 594 non
997 526 1083 596 satis
1097 524 1222 596 adhuc
1233 528 1314 599 vide·
1355 494 1356 533 i

333 644 384 713 ris
395 642 552 713 novisse.
569 642 640 713 Vix
650 640 821 738 quaedam
831 641 1020 738 generalia
1034 664 1186 739 possem
1196 698 1206 731 ,
1218 669 1313 742 eoque

333 757 419 846 tibi,
439 773 475 829 et
493 759 633 829 caeteris
649 782 833 855 perquam
848 772 957 845 nota,
975 772 1087 855 atque
1113 759 1177 830 illa
1195 763 1264 859 ipsa
1281 763 1314 830 ti-
1356 800 1357 807 κ

333 875 453 964 mide,
468 898 511 945 ac
530 873 781 972 pedetentim,
809 873 944 947 dicere.
964 878 1107 945 Caetera
1126 878 1162 946 ei
1181 878 1314 974 tempori

334 990 584 1063 condonanda
611 1014 747 1062 censeo
773 1015 850 1086 quo
878 989 1014 1062 medici
1046 990 1161 1064 laude
1187 991 1314 1089 dignun

334 1107 518 1206 putabant
537 1106 664 1177 omnia
679 1131 758 1177 non
778 1106 894 1177 modo
912 1106 1105 1196 abstrusa,
1122 1107 1189 1180 sed
1204 1107 1256 1179 vel
1269 1131 1314 1178 su·

333 1237 563 1321 preceptum
577 1236 749 1327 nostrum
766 1224 886 1320 posita
904 1223 957 1293 sic
972 1223 1190 1320 inquirere,
1204 1239 1313 1295 utcun

336 1341 506 1411 invenire
523 1364 602 1410 non
624 1354 797 1436 possent,
824 1340 1059 1411 comminisci
1085 1366 1169 1413 non
1197 1339 1315 1413 dubiu-

337 1472 432 1529 rent.
450 1455 597 1547 Quibus
616 1457 761 1526 utinam
779 1457 818 1529 in
837 1450 1074 1555 Sepulchreti
1090 1456 1241 1528 scholiis
1256 1471 1314 1528 tm

337 1590 418 1647 tum
428 1575 502 1645 loci
510 1574 638 1645 datum
649 1598 728 1644 non
744 1588 860 1661 esset,
874 1588 1058 1671 quantum
1074 1575 1166 1672 ipsae
1184 1574 1313 1649 historie

336 1690 560 1763 morborum
578 1678 726 1789 capitis,
753 1690 811 1762 vel
835 1691 962 1763 multae
981 1691 1115 1780 simul,
1146 1717 1236 1791 saepe
1258 1715 1312 1761 non

339 1822 547 1906 occupant,
574 1808 773 1906 multoque
806 1809 933 1880 minus
968 1810 1008 1878 iu
1040 1833 1125 1880 uno
1157 1806 1315 1879 interdun

241 1954 252 1961 “
339 1926 549 2023 eodemque
563 1925 710 2007 scholio
730 1924 784 2023 (ι)
804 1924 960 1999 fuissent
975 1927 1108 1999 eadem
1124 1928 1263 2013 iterata,
1278 1940 1314 1994 ta·

338 2044 389 2114 lia
406 2042 627 2141 praesertim,
654 2058 696 2114 ut
720 2069 740 2114 a
756 2046 836 2115 veri
854 2044 1098 2133 similitudine
1120 2042 1314 2126 abhorrere,

340 2184 386 2245 ex
400 2182 496 2255 pene
518 2158 695 2232 omnibus
718 2160 1007 2233 dissectionibus
1019 2161 1185 2259 intelligi
1208 2159 1314 2259 possit,

340 2299 434 2374 quas
452 2276 632 2373 proximis
648 2276 780 2348 litteris
799 2276 1041 2375 perscribam.
1058 2278 1164 2350 Vale.

383 2593 428 2671 (1)
449 2593 497 2652 Ad
509 2594 582 2652 obs.
601 2613 633 2667 1,
651 2606 722 2652 sect.
740 2593 810 2667 6,1.
826 2615 851 2653 1.
