2774 4666
274 376 344 447 216
439 398 485 445 nn
512 394 657 445 sentens
682 398 726 446 rr
752 397 875 447 causis
901 397 1111 447 nonnosum

206 535 212 547 ·
325 510 379 582 15.
407 515 440 582 N
443 536 494 581 on
510 526 570 582 est
579 510 640 581 hic
656 535 779 587 sermo
794 511 840 585 dc
861 511 1032 610 hydrope
1047 510 1211 598 cerebri,
1237 511 1275 581 in
1292 580 1295 591 Δ

271 652 350 728 quo
366 653 463 724 aqua
474 628 656 726 plurima,
671 630 820 726 sanguis
832 654 990 728 paucus,
1000 645 1037 709 et
1050 627 1214 716 effoetus3
1231 643 1283 699 ut·

272 748 302 819 si
316 747 420 819 hunc
436 748 600 834 minuas,
617 746 686 819 sub
706 772 812 844 aquae
837 747 1006 846 pondere
1023 771 1108 819 vaso
1124 748 1273 846 penitus

272 865 518 953 conniveant,
536 880 572 936 et
589 864 805 962 languidam
832 867 1024 962 sanguinis
1047 864 1274 935 obcumitio-

270 982 359 1053 nem
372 1005 527 1079 prorsus
537 983 787 1080 intercipiant.
797 981 987 1054 Addendae
1000 996 1091 1053 tunc
1102 981 1273 1078 sanguini

271 1115 359 1170 sunt
374 1100 488 1186 vires,
516 1115 553 1171 et
569 1098 731 1187 cerebri,
753 1124 796 1171 ac
816 1100 1037 1197 meningum
1062 1095 1169 1170 fibris
1196 1121 1271 1167 non

269 1239 376 1287 secus
393 1218 539 1303 laxatis,
554 1241 597 1287 ac
613 1242 696 1314 quae
712 1217 751 1287 in
767 1241 863 1313 aqua
879 1226 1132 1303 macerantur,
1157 1214 1273 1285 robur

271 1333 398 1429 quoad
415 1334 501 1404 licet
515 1358 584 1431 per
599 1334 662 1404 illa
677 1335 758 1431 ipsa
781 1349 954 1421 externa,
975 1314 1202 1428 internaque
1218 1355 1272 1400 re-

270 1450 393 1522 media
411 1451 695 1522 conciliandum
709 1466 764 1523 est
781 1477 863 1547 quae
891 1453 930 1521 in
955 1451 1160 1548 sanguinea
1187 1472 1273 1547 apo·
1368 1470 1369 1511 l

271 1567 393 1665 plexia
405 1567 491 1663 jure
501 1567 729 1663 diximus(1)
739 1592 817 1640 esse
826 1564 1013 1665 fugienda.
1026 1571 1159 1664 Itaque
1173 1566 1273 1637 sicui

270 1710 316 1756 ex
333 1685 432 1755 malo
450 1686 620 1783 corporis
644 1684 778 1756 habitu
800 1686 995 1783 apoplexia
1016 1685 1274 1783 superveniat,

269 1826 349 1873 non
367 1818 507 1873 temere
524 1801 571 1871 ad
588 1801 683 1872 illud
698 1803 824 1872 auxilii
844 1826 963 1900 genus
980 1800 1203 1888 decurram,
1232 1825 1273 1870 ex

271 1919 379 2014 cujus
393 1918 513 1990 abusu
529 1943 623 2016 saepe
645 1920 764 1990 malus
787 1917 954 2006 habitus,
980 1943 1026 1988 ex
1048 1917 1123 1988 hoc
1149 1933 1271 1989 autem

271 2038 351 2133 ipsa
366 2036 557 2107 interdum
586 2037 782 2134 apoplexia
807 2024 1018 2123 suboritur3
1040 2033 1157 2107 habes
1175 2037 1272 2107 enim

271 2155 373 2251 apud
398 2159 576 2225 Zacuturn
594 2154 665 2251 (a),
688 2155 788 2225 hanc
815 2179 836 2224 a
859 2154 1021 2241 Galeno,
1049 2168 1163 2249 atque
1194 2155 1273 2224 Avi-

271 2272 614 2343 cennaadnotatam
623 2271 1274 2370 postimmodicamsanguiniseduc-

271 2389 440 2476 tionem,
469 2391 574 2486 quod
597 2391 761 2486 denique
792 2404 829 2460 et
849 2388 1020 2486 quaedam
1047 2387 1163 2460 celeb.
1194 2392 1274 2460 Tre·

269 2507 334 2576 wii
357 2506 421 2602 (3)
439 2507 650 2580 observatio
675 2506 806 2580 referri
830 2521 964 2604 potest.
994 2509 1126 2603 Neque
1142 2526 1189 2578 e'o
1218 2506 1272 2577 de·

272 2648 442 2713 curram,
470 2627 500 2696 si
514 2626 599 2721 quis
622 2650 734 2696 senex
761 2607 986 2723 praesertim,
1012 2647 1054 2694 ac
1071 2623 1227 2714 debilis,
1241 2639 1272 2697 et

271 2744 428 2839 proprio
445 2741 574 2839 aliquo
590 2744 720 2840 capitis
733 2741 889 2831 affectu,
907 2766 986 2811 non
1004 2767 1048 2811 ex
1073 2762 1272 2829 consensu,

272 2859 468 2948 laborans,
485 2860 532 2931 ab
547 2861 707 2933 incautis
722 2850 896 2949 medicis,
914 2858 1072 2956 quibus,
1101 2883 1190 2930 cum
1213 2884 1272 2957 po·
1368 2948 1369 2961 2

271 2979 347 3065 tui,
365 2977 511 3067 obstiti,
527 2980 574 3049 ad
591 3004 707 3075 aquas
729 2978 894 3049 acidulas
914 2977 1098 3075 potandas
1119 2979 1271 3063 missin,

271 3094 360 3165 inde
376 3094 514 3182 redux,
529 3082 725 3194 apoplexia
740 3096 965 3193 corripiatur
980 3122 987 3163 :
1006 3094 1106 3192 leges
1121 3094 1270 3166 enimin
1368 3072 1369 3157 l

274 3211 520 3308 Sepulclrreto
537 3212 592 3309 (4)
610 3213 870 3285 obseruatione
888 3209 1153 3281 confirmatum
1173 3207 1271 3308 quod

235 3310 238 3315 ‚
273 3331 491 3425 conjectura
509 3328 713 3428 significat,
735 3345 827 3401 tunc
860 3354 964 3426 aqua
986 3326 1158 3426 plurima
1184 3325 1272 3399 dilui

266 3528 556 3540 ...υ-..ὴν
559 3533 563 3540 ι

328 3645 355 3723 1)
375 3649 468 3721 Epist.
488 3650 635 3719 3,n·11,
657 3668 702 3704 η.

343 3747 543 3824 )DeM'edic.
560 3748 658 3805 Prine.
674 3748 752 3805 Hist.
765 3749 785 3804 l.
805 3768 834 3820 1,
847 3748 916 3804 hist
933 3746 996 3804 tin
1012 3746 1155 3823 paraphr.

373 3851 409 3903 In
423 3852 489 3905 Act
502 3850 570 3904 Nat.
585 3849 655 3904 Cur
670 3861 742 3905 tom.
759 3855 789 3921 l,
800 3849 869 3907 obs
887 3847 952 3906 136.

372 3952 407 4004 L
426 3969 457 4016 1,
473 3969 496 4004 5.
513 3968 546 4020 2,
564 3950 681 4017 obs.8

310 3645 322 3722 (

310 3749 341 3823 (2

307 3845 338 3924 (3

308 3946 338 4025 (t
