2780 4666
334 415 406 503 304
498 441 545 487 ur
570 441 716 489 sumnus
741 445 784 491 nr
809 444 933 495 causis
958 444 1165 501 ιιοιιιιοιιιιιι

257 540 260 547 ’
334 559 452 623 instar
460 562 712 652 potentissimi
722 558 977 655 coagulatoris
985 617 997 652 ,
1013 580 1085 634 aut
1101 565 1249 638 alterius
1262 594 1314 640 ue·

333 677 435 760 neni,
454 671 547 743 dixit
568 675 715 746 animal
733 700 896 750 enecare.
924 683 1055 778 Neque
1084 683 1179 754 illud
1206 701 1313 757 tamen

333 792 640 887 praetermittam,
670 793 935 866 Vallisnerium
962 814 1137 871 nostrum
1161 800 1313 899 (1),eum

333 905 440 977 Redii
451 908 706 1004 experimenta
720 911 906 1002 iterasset,
916 915 1240 1007 animadvertisse,
1250 945 1313 989 non

323 1023 450 1096 ruodo
475 1049 586 1097 canes
619 1028 746 1117 citius,
776 1045 813 1100 et
830 1055 851 1101 a
871 1034 1048 1128 pauciore
1082 1059 1167 1108 aere
1196 1039 1312 1133 injecto

333 1144 431 1214 mori
448 1170 589 1260 ,quam
604 1171 693 1218 oves
704 1201 715 1235 ,
728 1171 903 1223 verveces
917 1166 954 1223 et
969 1153 1122 1242 arietes3
1139 1155 1206 1226 sed
1222 1156 1312 1227 etiam

331 1264 432 1333 mori
449 1287 555 1352 oves,
569 1265 603 1335 si
618 1288 759 1362 paucus
775 1288 841 1336 aer
851 1268 995 1340 inditus
1007 1284 1113 1343 esset.

382 1409 439 1453 ιι.
456 1384 578 1479 Atque
593 1381 672 1453 haee
690 1407 902 1457 memorare
919 1387 1046 1458 omnia
1064 1386 1170 1459 volui
1183 1404 1227 1460 ut
1240 1348 1312 1487 quid

335 1524 536 1571 commune
552 1501 597 1589 sit
607 1499 795 1597 ,intelligi
818 1499 961 1575 facilius
979 1506 1120 1601 possit:
1143 1532 1227 1603 quae
1242 1508 1310 1577 item

332 1619 373 1687 in
391 1615 586 1689 effectibus
604 1615 822 1688 discrimina
836 1643 910 1717 pro
929 1622 1031 1691 varin
1050 1646 1145 1693 vena
1161 1623 1203 1692 iri
1219 1647 1310 1720 quam

330 1760 396 1809 uer
409 1734 615 1807 intruditur
625 1736 822 1820 ,autvaria
835 1733 949 1831 hujus
960 1739 1084 1834 copia,
1104 1754 1141 1809 et
1152 1740 1308 1838 impulsu,

333 1868 371 1925 et
393 1854 494 1927 varia
512 1851 678 1946 den-ique
695 1854 943 1934 animantium
966 1869 1118 1944 natura,
1144 1858 1211 1928 seu
1234 1857 1311 1927 varia

331 1995 464 2041 eorum
475 1969 689 2066 sanguinis,
706 1969 895 2066 hujusque
911 1971 1058 2041 viarum
1072 1972 1309 2071 dispositione.

329 2090 412 2167 Iruo
436 2085 606 2181 quedam
631 2100 719 2157 sunt
744 2086 784 2155 in
812 2111 976 2182 qnorum
1001 2091 1183 2187 sanguine
1210 2091 1310 2162 multe

330 2204 470 2301 passim
495 2205 589 2275 aeris
609 2203 720 2274 bullae
746 2203 958 2275 secundum
975 2220 1150 2279 naturam
1183 2209 1310 2306 conspi-

311 2411 313 2419 A
332 2322 504 2410 ciuntur,
533 2322 636 2393 velut
653 2321 875 2408 testudines,
903 2324 944 2393 in
964 2349 1125 2421 quarum
1148 2327 1222 2400 illis
1248 2350 1310 2424 que

329 2441 481 2513 marinae
494 2455 606 2528 sunt,
623 2441 733 2515 etiam
748 2441 1055 2514 tumuiventibus
1070 2448 1310 2543 cumprimum

326 2557 467 2630 Redius
481 2555 538 2654 (ι)
551 2581 636 2628 vasa
655 2555 865 2654 sanguifera
881 2557 1135 2656 deprehendit
1155 2562 1309 2661 sanguine

327 2701 460 2774 reapse
481 2670 617 2771 frigido
636 2675 773 2771 plena,
798 2675 902 2747 hunc
929 2692 1054 2749 autem
1080 2685 1199 2757 aereis
1218 2678 1310 2751 bullis

327 2794 588 2892 plenissimum
604 2847 615 2880 ,
639 2792 885 2895 vehementer
899 2795 1076 2887 miratus,
1093 2798 1195 2870 idem
1208 2801 1243 2869 in
1255 2813 1309 2868 ter·

326 2911 510 2986 restribus
528 2935 681 3008 quoque
693 2909 1308 3013 etssnviatilihussibiqu'aerendum

327 3055 429 3118 esse,
453 3029 660 3103 constituit.
682 3029 794 3118 Quod
820 3047 971 3127 postea,
1001 3056 1109 3118 cum,
1128 3034 1212 3130 ipso
1238 3031 1309 3100 hor·

327 3162 452 3236 tante,
469 3163 511 3221 ut
528 3147 687 3245 opinor,
715 3146 906 3247 Caidesius
923 3149 977 3246 (3)
1000 3147 1167 3237 fecisset,
1185 3148 1309 3219 videtu

327 3269 368 3337 in
389 3265 566 3337 omnibus
585 3290 654 3363 per
674 3265 902 3363 pellucidae,
930 3260 980 3337 ob
999 3267 1218 3338 tenuitatem
1231 3319 1241 3352 ,
1254 3286 1308 3359 ,ve-

326 3410 462 3457 narum
487 3364 710 3457 eunctarum
735 3385 901 3472 tunicas,
925 3383 1049 3455 bullas
1074 3383 1156 3455 illas
1186 3376 1309 3478 ingenti

325 3527 488 3577 numero
513 3504 612 3573 intra
640 3527 769 3611 earum
797 3501 1018 3605 sanguinem
1041 3499 1258 3572 fluctuantes
1271 3494 1321 3563 vi·¹

320 3673 1306 3701 ΜΝ

376 3804 405 3882 1]
426 3806 532 3879 Suppl.
550 3806 578 3859 al
592 3805 699 3862 Giorn.
713 3804 760 3860 de’
771 3806 879 3864 Letter.
893 3815 915 3860 t.
929 3804 966 3875 3,
978 3814 1066 3861 artur

358 3803 390 3982 ξι
392 3904 404 3982 )
424 3905 482 3962 Cit.
497 3914 569 3960 tom.
588 3902 616 3960 5.

356 4003 541 4082 (nonen.
554 4006 645 4061 Anat
662 4003 718 4060 int.
736 4004 792 4060 alle
805 4003 1005 4079 Tartarughe.
