2784 4668
285 457 354 531 156
449 482 496 528 na
521 477 667 528 sununs
690 478 735 526 ar
759 476 883 526 causis
908 475 1118 525 uonnoauu

279 595 373 667 riter
391 615 478 664 cum
499 592 539 662 in
560 590 800 690 apoplecticis
813 603 857 662 ut
876 588 1041 662 tumidas
1061 588 1275 662 eorumdem
1343 580 1365 693 '3

279 709 462 810 plexuum
491 707 706 808 glandulas,
738 707 789 778 ita
818 721 855 780 et
882 705 1027 780 cerebri
1053 706 1277 778 ventriculos

280 828 455 925 oppletos
487 826 668 924 sanguine
697 821 917 923 frequenter
947 824 1169 912 invenisset,
1202 848 1275 895 non
1359 846 1367 907 ·;

278 944 381 1016 aliud
400 944 472 1017 iliis
497 940 690 1031 tribuisse,
709 943 782 1016 nisi
801 956 844 1014 ut
863 941 977 1039 hujus
998 937 1212 1029 effusionis,
1230 938 1276 1010 ob

278 1060 498 1158 impeditam
523 1085 592 1160 per
619 1084 748 1132 earum
780 1058 929 1132 vascula
960 1058 1275 1144 circumitionem,
1363 1136 1369 1161 Ι,

279 1201 428 1249 causam
450 1175 688 1275 praeberent:
713 1175 829 1274 idque
857 1174 1093 1264 confirmari,
1125 1171 1276 1246 fortasse

278 1295 407 1369 credes
426 1294 688 1368 observatione
703 1294 757 1393 (1)
770 1295 1032 1384 Drelincurtii,
1050 1293 1118 1392 qui
1139 1293 1180 1362 in
1195 1313 1276 1389 apo-
1370 1392 1371 1397 ἵ

171 1493 176 1513 ,
242 1410 434 1510 ,ΡΙεοῑίοα
474 1413 605 1512 plexus
641 1413 726 1486 illos
758 1411 1009 1511 deprehendit
1040 1424 1077 1483 et
1107 1406 1275 1481 vericulis
1371 1476 1372 1479 ,

276 1535 408 1627 aquen·
434 1530 685 1602 tumidissimn
707 1529 901 1618 adunatis,
922 1543 961 1600 et
975 1524 1207 1625 conglobatis
1223 1548 1275 1596 re·
1372 1624 1373 1631 ἵ

275 1643 411 1735 fertos,
435 1659 472 1719 et
497 1649 537 1717 in
559 1647 691 1717 ’medio
711 1647 922 1744 disruptos,
950 1660 993 1717 ut
1014 1643 1177 1716 muitum
1200 1666 1279 1714 san·

275 1764 400 1860 guinis
408 1758 639 1835 effudissent.
650 1765 697 1832 At
712 1762 787 1832 sive
805 1759 904 1849 hac,
919 1763 995 1832 sive
1014 1761 1085 1832 alia
1103 1783 1273 1857 quoque,

269 1860 328 1951 ‘uf
340 1879 496 1975 opinor,
515 1876 743 1950 dilatationis
760 1891 798 1949 et
816 1875 1081 1976 disruptionis,
1105 1877 1273 1948 vasculo·
1375 1862 1376 1865 ¹

272 2018 359 2066 rum
377 1995 416 2064 in
435 1995 514 2065 Tita
531 2008 663 2065 nostro
677 2017 787 2065 causa
806 1989 896 2083 fuit3
910 1994 1087 2092 intelligis
1105 2018 1213 2083 sane,
1231 2020 1273 2067 ex

274 2136 352 2210 quo
367 2108 670 2210 disruptio‘fieri,
689 2125 726 2182 et
743 2110 886 2209 aliquid
912 2110 1103 2211 sanguinis
1130 2106 1272 2182 effundi
1376 2190 1377 2193 Ἴ

273 2228 405 2326 coepit,
427 2252 542 2326 quam
567 2227 776 2299 cavendum
802 2226 933 2318 fuerit,
954 2253 1003 2299 ne
1029 2226 1181 2327 sanguis
1205 2230 1271 2298 im·

271 2346 445 2443 portunis
459 2344 723 2444 agitationibus
738 2359 776 2417 et
789 2344 1121 2434 concussionibus,
1140 2345 1270 2445 impel·
1379 2360 1380 2363 ’

270 2461 422 2535 leretur.
438 2462 676 2538 Neccredere
694 2464 854 2562 possim,
873 2463 1173 2561 Brunnerum(2)
1184 2487 1268 2536 cum

271 2579 540 2676 apoplecticam
564 2605 585 2652 a
606 2582 731 2679 primo
752 2581 895 2654 insultu
920 2608 989 2681 per
1012 2604 1116 2654 venae
1138 2585 1268 2653 sectio-

270 2719 378 2784 nem,
398 2710 435 2768 et
453 2723 696 2797 quoecumque
714 2699 886 2770 revellere
903 2725 929 2769 α
947 2706 1069 2798 capite
1081 2713 1267 2800 poterant,
1379 2776 1380 2783 χ

269 2809 426 2888 feliciter
452 2813 666 2902 liberasset,
691 2816 859 2912 gavisum
888 2839 986 2905 esse,
1012 2816 1117 2914 quod
1146 2819 1186 2888 in
1214 2841 1267 2889 se-

268 2930 396 3003 cundo
411 2947 476 3003 aut
491 2931 756 3031 suphuratam
774 2957 968 3005 accensum
981 2935 1135 3005 naribus
1153 2934 1270 3007 advo·

267 3053 411 3135 ml'sset,
431 3061 496 3120 aut
514 3048 662 3145 liquore
680 3072 749 3147 per
768 3074 811 3122 os
823 3045 949 3121 infuso
959 3057 1083 3122 tasn'm
1103 3051 1158 3121 bis
1173 3067 1270 3123 terve

267 3168 511 3252 excitavisset,
532 3179 624 3241 tunc
642 3180 743 3239 certe
761 3190 849 3238 cum
867 3183 953 3265 post
966 3191 1070 3266 aegrae
1088 3182 1266 3258 mortem,

266 3307 355 3353 mox
386 3296 651 3372 consecutam,
675 3284 855 3382 sanguine
881 3281 1038 3357 refertos
1062 3285 1265 3384 plerosque

264 3400 408 3469 invenit
426 3396 571 3473 cerebri
584 3399 831 3490 ventriculos,
849 3403 1050 3500 ipsumque
1064 3402 1263 3493 'cerebrum

265 3514 312 3587 ab
332 3518 528 3616 eruptione
548 3518 739 3616 sanguinis
756 3514 1123 3597 interius'diffusum.
1148 3522 1207 3592 Sic
1225 3522 1263 3592 in

302 3875 345 3952 (ι)
367 3876 444 3934 lbid.
460 3879 532 3936 Obs.
551 3896 596 3934 12.

299 3975 344 4053 (a)
364 3977 436 4036 Obs.
452 3995 522 4052 sap.
534 3977 585 4033 cit.
605 3994 639 4033 12
654 3975 687 4032 in
699 3976 793 4034 Addit
809 3977 848 4035 ad
865 3977 958 4035 eamd.
975 3987 1045 4035 sect.
