2784 4668
250 408 254 413 *
287 425 354 500 132
454 450 502 497 ns
527 446 673 496 scurrus
698 450 742 496 rr
766 449 891 499 crusis
916 451 1125 502 nonnosum

281 586 350 634 vos
370 560 547 660 accipere
570 562 745 661 spiritus,
769 565 800 634 si
821 587 940 635 nona
967 562 1155 638 cerebello
1177 550 1298 664 potis-

282 680 482 769 simum,at
494 678 625 752 saltem
637 677 685 751 ab
697 679 780 776 ipso
791 704 966 778 quoque,
979 682 1294 756 nonvideturne·

169 837 173 843 ·
280 794 458 895 gaudum.
473 794 711 871 Cerebellum
728 811 853 868 autern
867 798 906 868 in
922 798 1166 896 apoplecticis
1183 814 1292 872 tanto

278 913 421 1002 rarius,
439 934 553 1011 quam
565 912 786 1001 cerebrum,
811 911 895 984 laedi
913 916 1120 1014 contingit,
1143 934 1293 1015 quanto

277 1031 406 1107 minus
415 1030 574 1103 cerebro
583 1044 657 1101 est:
673 1044 710 1100 et
726 1044 917 1128 praeterea,
931 1045 975 1103 ut
991 1034 1169 1105 nonnihil
1183 1034 1292 1106 laeda·

277 1162 361 1237 tur,
373 1148 418 1221 iis
429 1162 555 1220 tamen
569 1147 695 1219 nervis
711 1171 821 1219 suum
831 1162 1005 1246 praestare
1026 1147 1196 1245 officium
1210 1152 1291 1224 diu·

277 1268 353 1341 tius
365 1289 475 1364 posse
488 1319 499 1354 ,
514 1263 694 1339 credibile
713 1279 769 1336 ert
786 1266 952 1363 primum
973 1267 1061 1367 qnia
1073 1283 1179 1342 tanto
1200 1270 1289 1369 plus

278 1384 479 1483 spirituum
501 1405 572 1480 pro
593 1394 673 1453 rata
691 1382 867 1478 portione
892 1383 1042 1455 videtur
1066 1410 1287 1478 secernere,

278 1515 422 1600 quanto
435 1501 522 1600 plus
535 1501 607 1598 ipsi
617 1498 744 1575 datum
768 1513 824 1571 est
838 1501 1036 1577 contentis·
1045 1501 1284 1577 substantie:

276 1635 358 1693 turn
370 1619 461 1717 quia
471 1632 768 1690 consentaneum
778 1620 938 1706 est‚vias
950 1643 1019 1718 per
1030 1646 1123 1719 quas
1133 1623 1289 1720 spiritus

274 1740 317 1811 in
337 1736 423 1809 illos
439 1759 577 1809 nervos
594 1736 785 1823 immittit,
805 1749 911 1829 tanto
934 1751 1014 1812 esse
1034 1741 1287 1837 patentiores,

276 1868 421 1954 quanto
433 1854 544 1926 citius
557 1877 672 1951 quam
683 1851 882 1925 cerebrum
896 1874 909 1944 ,·
917 1856 1070 1953 quando
1081 1860 1287 1933 tenerrima
1387 1886 1388 1913 ³

276 1971 537 2061 erantomnia,
551 1970 589 2042 id
599 1967 1137 2072 facereineepit3nequeenim
1148 1974 1287 2048 desunt
1329 2052 1332 2055 ,

158 2138 169 2151 .
275 2088 471 2189 quimulto
481 2090 603 2186 ipsum
613 2102 733 2177 antea,
741 2113 853 2185 quam
864 2089 1062 2166 cerebrum
1070 2089 1286 2190 perficiani·

274 2207 567 2296 madverterint3
585 2205 691 2304 quod
707 2221 833 2278 autem
850 2222 943 2279 tunc
956 2209 1097 2308 incepit
1114 2210 1178 2300 ,id
1196 2235 1287 2282 sern-

274 2324 497 2427 perdeinde
515 2321 659 2413 facere,
679 2325 760 2397 sine
788 2325 865 2397 ulla
891 2327 931 2397 in
955 2351 1112 2418 somno,
1140 2327 1283 2400 nedum

275 2444 317 2517 in
333 2442 482 2543 vigilia,
501 2442 803 2532 intermissione,
820 2445 995 2541 perrexit.
1015 2444 1088 2518 Sed
1107 2469 1185 2542 quo
1205 2470 1285 2518 ma·

274 2562 331 2662 gis
353 2560 401 2637 ad
427 2584 494 2633 eos
515 2573 672 2648 motus,
692 2557 744 2630 ad
768 2584 928 2659 eamque
955 2562 1031 2632 vim
1061 2562 1284 2635 servandam

272 2679 329 2757 illi
347 2678 455 2751 nervi
479 2691 568 2749 sunt
586 2678 808 2766 necessarii,
829 2702 879 2749 eo
899 2679 1009 2751 citius
1030 2678 1110 2751 boec
1132 2684 1281 2771 omnia,
1322 2732 1325 2737 «

274 2812 333 2885 et,
352 2795 459 2895 quod
476 2794 744 2891 consequitur,
762 2795 843 2892 ipsa
867 2820 1023 2894 quoque
1046 2797 1123 2869 ¹vito
1144 2800 1283 2871 amitti-
1386 2826 1387 2833 ¹

273 2929 452 2999 tur‚cum
462 2913 1046 3011 viaetarnpatentes,tantumque
1063 2916 1103 2985 in
1112 2914 1198 2988 illos
1206 2918 1281 3015 spi·
1386 2930 1387 2937 ’

273 3032 416 3105 rituum
434 3028 639 3103 inferentes
656 3028 964 3127 procluduntur,
984 3028 1024 3101 id
1041 3046 1097 3103 est
1114 3057 1200 3103 cum
1220 3022 1285 3104 lae-⁸

274 3147 378 3220 ditur
400 3145 657 3235 cerebellum,
683 3162 720 3218 et
739 3170 784 3219 eo
804 3146 938 3236 citius,
962 3168 1042 3245 quo
1067 3147 1142 3219 hoc
1162 3151 1281 3249 magis
1386 3162 1387 3175 ¹

273 3258 435 3364 graviter
465 3262 634 3353 laeditur,
658 3277 697 3335 et
720 3277 906 3365 repente:
934 3286 1100 3363 quorum
1125 3266 1188 3340 hic
1219 3293 1282 3339 ec-

272 3382 613 3477 ementiumque,
631 3381 814 3477 sanguine
829 3379 1027 3473 videlicet,
1044 3408 1116 3456 nec
1136 3408 1280 3483 pauco,

272 3500 321 3573 ad
338 3497 594 3587 cerebellum,
619 3495 678 3569 vel
703 3499 831 3595 potius
847 3498 949 3572 intra
971 3499 1202 3575 cerebellum
1221 3526 1281 3575 re—

270 3632 385 3719 pente
405 3612 536 3689 effuso.
562 3616 695 3712 Neque
716 3615 818 3686 enim
838 3614 933 3686 illud
950 3631 987 3688 te
1005 3633 1155 3690 moveat
1174 3619 1280 3718 quod

270 3733 411 3809 fracida
426 3733 504 3804 visa
523 3731 569 3804 sit
585 3730 666 3828 ejus
684 3729 890 3804 substantia
909 3757 992 3831 quae
1011 3734 1066 3806 illi
1090 3750 1169 3807 erat
1194 3758 1279 3811 san·

271 3853 377 3954 guini
397 3834 667 3946 circumjecta,
690 3851 897 3949 quominus
921 3853 1159 3951 repentinam
1183 3856 1281 3929 acci-
