2798 4668
323 435 393 508 586
489 461 535 506 nr
560 459 707 506 moruus
731 458 777 505 rr
801 456 925 505 causn
951 456 1159 503 monsonuu

323 598 391 645 suo
402 598 540 672 magno
551 570 737 645 foramine
751 571 798 644 ad
808 587 1066 644 transversum
1082 570 1247 669 pollicem
1256 592 1301 640 re·
1370 606 1371 633 t

323 707 489 763 trorsum
506 691 677 764 ascendit
693 692 853 762 alterurn
869 689 1038 788 amplius]
1050 686 1303 765 loramcnride·
1370 712 1371 801 p

324 834 365 880 re
385 825 440 881 est
453 812 594 907 pariter
611 811 651 880 in
671 808 796 880 media
810 808 910 897 basi,
922 834 1003 879 non
1015 805 1301 878 invertebmm
1370 816 1371 905 J

324 927 481 1015 tubum,
496 943 541 998 ut
557 929 663 1025 prins
678 926 791 1015 illud,
811 926 973 1014 ducens,
997 925 1062 998 sed
1080 926 1122 996 in
1135 946 1254 1022 parem
1267 923 1304 993 si·
1370 982 1371 1017 ζ

325 1044 383 1133 bi,
401 1045 549 1143 sibique
565 1046 826 1117 continuatum
851 1045 1016 1117 canalem
1037 1068 1202 1130 osseum,
1216 1040 1305 1110 mini

327 1164 379 1232 mi
407 1166 607 1239 transversi
635 1163 744 1262 digiti
772 1165 878 1262 apice
912 1188 993 1235 uon
1021 1163 1253 1260 longiorem,
1278 1170 1305 1226 ct
1370 1166 1371 1169 ’

326 1281 546 1379 priusquam
558 1280 714 1371 desinat,
726 1280 949 1353 membrana
962 1278 1171 1353 occlusum.
1187 1276 1239 1348 Ab
1248 1275 1305 1343 hoc

327 1396 510 1470 foramine
522 1423 633 1471 suum
641 1399 1042 1498 ascenditosoccipitis
1053 1398 1204 1496 longius
1212 1416 1304 1492 quam

327 1517 366 1586 in
396 1517 616 1589 novimestri
647 1515 762 1606 foetu,
797 1517 864 1590 sed
896 1519 1102 1615 augustius.
1141 1510 1305 1609 Sincipitis

328 1635 428 1703 euim
447 1658 529 1706 ossa
546 1650 691 1732 partem
711 1636 892 1733 utrinque
910 1649 1101 1733 occupant
1120 1630 1247 1704 debita
1265 1626 1307 1696 illi

327 1751 441 1841 sedis,
465 1768 508 1824 ut
532 1778 615 1851 quae
638 1754 735 1826 sicut
755 1753 803 1825 ab
823 1752 1077 1824 anterioribus
1103 1752 1213 1823 citius
1234 1745 1307 1817 inei·

326 1871 437 1967 piuut
453 1896 568 1969 quam
587 1872 728 1958 solent,
749 1873 800 1943 ita
820 1895 841 1941 a
862 1886 973 1970 tergo.
991 1872 1111 1942 serius
1134 1867 1305 1939 finiuntur.

327 1989 423 2058 Huic
449 2003 574 2060 tamen
599 1990 787 2062 latitudini
812 1989 970 2060 altitudo
997 2013 1078 2059 uon
1104 1982 1307 2084 respoudet;

329 2105 392 2174 sed
408 2104 609 2179 mediocris
622 2124 677 2180 est
690 2107 802 2191 adeo,
818 2123 951 2178 utnon
966 2106 1082 2179 modo
1093 2101 1307 2175 advenirem

328 2247 516 2320 nusquam
541 2228 780 2323 perveniant,
804 2226 869 2298 sod
888 2225 936 2297 ab
962 2249 1008 2295 eo
1026 2224 1175 2321 singula
1194 2222 1307 2292 distent

329 2355 559 2414 transversos
581 2344 718 2441 digitos
744 2344 944 2422 minimum
968 2359 1065 2431 tres3
1088 2334 1305 2413 intervallum

327 2481 511 2556 namque,
532 2463 682 2583 utrique
701 2463 962 2558 interjectum,
980 2482 1067 2531 cum
1086 2473 1212 2563 teneat
1228 2473 1306 2525 cras·

329 2600 367 2647 sa
388 2579 563 2665 meuinx,
588 2548 755 2650 calvarius
783 2577 967 2650 fornicem
988 2577 1038 2649 ob
1058 2576 1231 2675 occipitis
1245 2592 1307 2642 osse

329 2717 426 2789 pene
445 2695 491 2764 ad
513 2695 674 2766 orbitam
695 2720 819 2793 usque
836 2694 1060 2784 conficiens;
1081 2695 1182 2782 haec,
1200 2712 1307 2790 quam·

329 2812 384 2881 vis
397 2814 574 2885 resiccata
586 2828 657 2903 est,
674 2814 910 2886 latitudinem
923 2813 977 2885 ibi
990 2827 1113 2910 aequat
1127 2812 1308 2908 digitorum

332 2929 480 3001 circiter
504 2948 666 3030 septem,
693 2946 734 3002 ut
754 2930 991 3030 longitudine
1014 2945 1168 3029 superat
1186 2944 1307 3011 novem.

333 3047 489 3120 Ossibus
504 3049 849 3147 autemsincipitis,
871 3048 1014 3146 quippe
1035 3049 1189 3144 utrique
1208 3038 1308 3115 etauio

332 3166 610 3255 communibus,
623 3182 665 3237 ut
675 3192 696 3238 a
705 3165 846 3255 fronte,
860 3164 1186 3263 quemadmodum
1200 3178 1308 3260 propt>

326 3270 411 3372 sui,
439 3284 658 3383 sphenoidis
684 3286 778 3357 ossis
805 3265 1260 3383 processus‘temporalim
1282 3285 1308 3339 tl

252 3436 257 3441 ·
333 3423 532 3498 squamosa
544 3402 766 3503 'temporalis
784 3404 877 3475 ossis
894 3402 1020 3501 portio
1043 3400 1237 3472 anterioris
1249 3415 1308 3464 cra·
1370 3406 1371 3497 l

334 3519 386 3587 nii
400 3523 577 3617 utrinque
596 3521 866 3617 subjiciuntur,
885 3523 937 3592 sic
957 3543 1108 3618 quoque
1122 3544 1144 3588 a
1156 3528 1307 3612 tergum
1370 3506 1371 3529 ¹

334 3636 420 3706 dem
440 3661 523 3709 ossa
541 3664 623 3735 quae
639 3641 686 3711 ad
705 3642 890 3740 posterius
907 3641 1067 3710 attinent
1082 3638 1260 3719 cranium
1273 3623 1305 3696 ad

335 3780 421 3825 eum
446 3757 602 3853 modum
627 3759 795 3853 subjecta
817 3771 924 3846 sunt,
955 3771 998 3827 ut
1022 3769 1245 3837 extrorsum,
1265 3768 1305 3814 re

334 3887 573 3972 trorsumque
603 3875 825 3972 compulsa,
856 3888 892 3945 et
920 3895 990 3970 per
1014 3872 1117 3942 haud
1146 3840 1371 3970 pomulam
1370 3908 1371 3923 κ

334 4011 461 4063 crassae
483 3993 669 4089 meningis
692 4007 837 4089 partem
856 4004 1015 4088 utraque
1042 3992 1143 4061 inter
1167 4014 1202 4060 se
1221 3986 1304 4080 jum
