2774 4670
318 491 386 567 502
479 518 527 563 nr
553 516 700 564 surmus
725 519 769 566 rr
794 518 919 567 crosis
944 518 1151 567 norronmr

313 651 422 728 aequo
436 628 585 714 durior,
610 654 689 701 nou
713 631 839 702 minus
855 630 1049 718 videlicet,
1078 657 1188 731 quam
1204 632 1294 731 hepa-

315 749 388 822 tica
408 761 473 819 est.
490 747 562 817 Sed
579 746 885 855 hemispherium
901 725 1091 847 reliquum
1109 748 1292 838 sinistrum,

316 866 350 939 ui
364 865 614 964 posteriorem
625 880 770 963 partem
784 866 957 965 excipias,
966 882 1097 941 contra
1111 883 1189 941 erat
1199 869 1293 939 multo

316 982 470 1055 mollius
485 1007 599 1078 quam
619 1007 689 1081 par
713 984 770 1055 sit.
797 987 842 1054 In
861 984 1075 1083 eodemque
1093 1010 1202 1057 cavea
1219 1001 1295 1066 erat,

316 1125 439 1200 parvm
455 1099 563 1171 nucis
577 1100 770 1199 juglandis
787 1100 1066 1199 magnitudine,
1088 1101 1208 1175 lividis
1222 1103 1296 1175 mol·

316 1216 545 1314 lissimisquo
579 1241 626 1289 ex
653 1216 851 1289 medullari
879 1217 1091 1292 substantia
1116 1219 1297 1317 parietibus

314 1334 609 1432 comprehensa,
628 1360 674 1407 ex
695 1359 770 1431 qua
791 1336 830 1406 in
849 1361 1000 1409 summo
1027 1354 1159 1435 aperta
1181 1340 1296 1411 humor

312 1454 479 1550 primum
497 1453 705 1551 nigricans,
724 1468 807 1524 tum
833 1455 906 1525 scri
934 1453 1097 1546 habitu,
1122 1474 1160 1530 et
1176 1457 1299 1542 colore,

312 1595 391 1667 quo
404 1564 593 1642 filamenta
612 1571 719 1667 quasi
736 1570 909 1668 quadam
923 1573 1167 1662 innatabant,
1183 1571 1298 1646 effluxit

312 1689 392 1761 sine
410 1686 485 1759 ulla
504 1687 768 1786 graveolentia.
790 1688 1113 1761 Imminebathaec
1134 1697 1238 1762 cavea
1251 1712 1298 1758 an·

312 1806 446 1877 teriori
462 1808 560 1904 parti
575 1807 738 1880 lateralis
750 1807 973 1896 ventriculi,
986 1832 1157 1904 quocum
1170 1807 1299 1878 minine

314 1924 638 2012 communicabat,
656 1940 699 1996 ut
715 1942 842 2021 neque
860 1949 950 1996 curn
966 1924 1029 1995 illa
1045 1950 1130 2022 quar
1139 1923 1299 2020 descripta

313 2056 389 2125 est,
404 2044 683 2139 prominentia;
705 2044 799 2139 quin
826 2041 874 2115 ab
898 2040 974 2139 ,hae
1000 2040 1163 2113 distabat
1188 2039 1299 2137 digitos

223 2142 225 2147 ,
313 2174 546 2231 transversos
562 2161 711 2231 circiter
725 2159 833 2233 dnos.
851 2164 1036 2232 Caeterum
1051 2159 1087 2229 ei
1102 2157 1298 2255 prominen

313 2276 371 2346 tiae
386 2276 641 2372 respondebat
662 2278 701 2349 in
717 2278 847 2349 uranio
856 2275 1029 2349 foramen
1038 2275 1182 2374 ellipsis
1190 2272 1298 2360 forna,

315 2394 391 2465 oris
408 2393 578 2488 undique
596 2394 803 2490 acquaiibns
824 2419 906 2465 non
931 2418 1096 2469 secusac
1115 2394 1148 2465 si
1163 2393 1245 2465 lima
1259 2414 1299 2461 es·

314 2526 398 2601 sent
423 2510 606 2606 laevigatae.
633 2515 718 2581 Haec
741 2534 764 2581 a
788 2512 1009 2585 sinistris.A
1034 2511 1177 2583 dextris
1196 2525 1298 2582 auten

209 2662 213 2671 ’
313 2627 408 2699 nihil
425 2629 468 2697 in
487 2625 644 2699 cerebro
667 2626 910 2707 adnotatione
928 2628 1086 2727 dignum
1105 2625 1189 2698 fuit.
1205 2621 1298 2716 ,Quod

313 2743 360 2817 ad
381 2746 551 2815 cranium
576 2745 737 2832 attinet,
753 2759 882 2816 tumor
902 2745 965 2816 ilie
989 2746 1058 2842 qui
1078 2770 1162 2821 non
1181 2742 1299 2817 excide

312 2876 389 2950 rat,
414 2861 545 2933 dexter
561 2859 726 2932 necdum
742 2860 790 2932 ad
811 2863 1034 2935 interiorem
1051 2863 1171 2933 cranii
1190 2858 1296 2930 Eicieu

313 2979 509 3051 exedendo
525 2994 758 3077 pervenerat.
779 2979 861 3081 Alio
880 2994 1009 3051 tamen
1017 2978 1124 3068 ioco',
1143 2979 1296 3078 quoioco

313 3084 364 3167 os'
385 3121 541 3194 prorsus
570 3096 720 3185 deerat„
749 3122 871 3170 crassa
902 3098 1073 3196 quaedam
1098 3098 1295 3171 membrana

315 3212 467 3285 suberat
479 3241 488 3302 3
510 3239 559 3285 an
572 3215 682 3312 quod·
690 3230 817 3289 tumor
831 3215 918 3288 inde
931 3217 1044 3313 aiter,
1058 3215 1148 3288 dato
1160 3214 1294 3312 hydrar-

313 3354 405 3427 gyro
418 3332 536 3420 ‚alias
551 3331 776 3405 excidisset?
1033 3317 1040 3320 i

363 3454 419 3536 nli
439 3451 712 3521 Dissectionem
730 3448 828 3521 hanc
852 3452 882 3522 si
906 3462 993 3523 cum
1010 3451 1055 3523 iis
1072 3452 1200 3550 paucis
1217 3470 1293 3520 com·

311 3589 441 3662 parm,
454 3592 538 3664 quae
552 3565 602 3638 ad
620 3592 819 3640 veneream
839 3569 957 3638 cranii
980 3570 1139 3657 cariem,
1157 3583 1193 3638 ct
1210 3585 1294 3665 gum·

312 3698 414 3753 mata
428 3698 597 3781 spectant
612 3685 651 3755 in
664 3710 709 3769 ea
721 3687 820 3757 circa
834 3710 948 3782 quarn
959 3709 1177 3770 versamur,
1189 3677 1293 3779 Sepul-

313 3800 433 3873 chreti
456 3803 622 3873 suctione
643 3801 689 3872 de
706 3802 895 3900 Epilepsia
913 3802 990 3901 (1);
1015 3804 1136 3901 pluria
1160 3799 1292 3873 fortasse

305 3950 1288 3983 *mg-*M

350 4059 393 4137 (r)
415 4061 488 4119 Obs.
506 4063 538 4134 3,
561 4064 634 4119 etin
649 4064 799 4121 additam.
816 4064 882 4123 obs.
898 4065 926 4121 3.
