2774 4666
205 467 275 514 Ltn.
303 466 327 513 1.
356 463 401 513 DE
427 461 562 513 MORIssS
588 464 751 529 carlus,
777 465 890 514 EPIST·
918 466 967 514 Π.
1021 467 1089 542 217

69 581 279 651 cerebram.
299 579 370 652 Sed
392 594 523 650 contra
544 579 609 651 ubi
626 604 712 650 cum
737 604 835 677 aqua
864 582 1091 678 turgentiam

73 718 263 767 vasorum
279 721 377 785 esse,
395 698 555 792 conjeci,
587 698 806 794 sanguinem
837 699 985 770 mittere
1011 723 1090 768 non

75 812 225 885 distuli.
238 816 297 885 Sic
307 816 347 885 in
363 813 646 894 sacerdotecive
657 840 742 886 meo
759 815 891 911 (cujus
903 815 1090 904 minorem

74 928 262 1020 fratrem,
275 955 361 1002 cum
370 931 450 1002 haec
464 931 681 1021 scriberem,
694 934 890 1032 apoplexia
901 932 1088 1005 sublatum

75 1047 218 1138 fuisse,
229 1047 379 1148 accepi)
391 1048 557 1120 obnoxio
572 1050 774 1147 quotannis
784 1049 1008 1123 convulsivis
1021 1051 1089 1148 hy·

74 1165 414 1265 pochondriorum
428 1163 637 1256 affectibus,
660 1166 707 1239 ab
723 1167 857 1265 hisque
881 1192 949 1265 per
971 1166 1092 1263 dejec-

74 1286 208 1356 tiones
223 1307 382 1382 aquosas
394 1282 544 1355 liberari
564 1284 693 1373 solito,
708 1309 793 1355 cum
807 1309 907 1356 anno
928 1309 1013 1382 1711
1031 1282 1088 1355 hae
1139 1364 1144 1373 ¹

73 1403 312 1501 incepissent
327 1402 499 1499 quidem,
515 1402 579 1476 sed
594 1426 682 1474 mox
699 1402 965 1490 substitissent,
978 1401 1090 1473 dolor

73 1536 209 1593 autem
226 1535 338 1618 caput
356 1545 512 1618 gravans
531 1522 826 1620 supervenisset,
849 1535 886 1593 et
908 1519 997 1590 huic
1028 1543 1088 1590 ac·

76 1638 253 1710 cessisset
267 1640 488 1736 repentinus
503 1639 640 1710 mentis
658 1654 808 1736 stupor,
834 1652 946 1735 atque
970 1636 1087 1735 apho-

75 1750 163 1844 nia3
182 1780 256 1855 ego
274 1758 396 1827 statim
414 1772 526 1854 atque
552 1757 751 1828 accersitus
776 1779 878 1844 sum,
899 1755 938 1825 in
959 1753 1086 1826 cubito

74 1898 218 1945 venam
234 1873 350 1943 incidi
361 1874 454 1969 jussi
470 1901 478 1942 :
497 1899 542 1945 ex
555 1898 630 1971 qua
643 1875 793 1971 sanguis
808 1871 932 1944 adhuc
946 1869 1087 1944 fluebat

76 2019 169 2066 cum
178 1993 365 2092 loquendi
379 1993 592 2065 facultatem
606 1995 857 2093 recuperavit,
867 2008 910 2065 ut
918 1993 1085 2090 vigorem

76 2136 238 2207 quoque
255 2112 390 2181 mentis
402 2126 623 2207 postquam,
639 2113 779 2182 caeteris
792 2134 875 2206 quaa
892 2111 1089 2207 copvenie·

77 2226 195 2314 bant,
212 2250 290 2296 non
306 2227 473 2314 omissis,
493 2229 642 2324 sanguis
655 2229 792 2297 iterum
807 2227 940 2297 missus
954 2241 1009 2297 est
1023 2249 1086 2297 eo-

78 2342 168 2414 dem
185 2341 257 2413 die.
273 2345 334 2413 Me
350 2367 516 2438 namque
535 2343 752 2437 conjectura
768 2366 815 2413 eo
831 2342 956 2430 duxit,
978 2356 1022 2414 ut
1043 2342 1085 2413 il-
1129 2358 1132 2364 “
1218 2436 1221 2443 ⁴

77 2459 154 2532 lius
170 2459 326 2557 quidem
353 2459 444 2546 seri,
459 2458 564 2556 quod
591 2483 660 2556 per
682 2459 858 2531 intestina
883 2460 983 2530 exire
1004 2483 1085 2530 non

77 2576 283 2676 pergebat,
296 2591 440 2675 partem
458 2576 621 2673 aliquam
632 2577 730 2646 intra
745 2560 915 2648 cranium
930 2572 1085 2647 effusam

79 2720 160 2767 esse
171 2748 182 2782 ,
195 2694 443 2766 existimarem
454 2719 464 2780 3
475 2691 539 2764 sed
553 2707 679 2764 tamen
692 2693 903 2765 constrictis
912 2694 1084 2790 insuper,

79 2831 122 2883 ut
139 2836 238 2908 saepe
268 2811 307 2881 in
325 2808 510 2906 ejusmodi
527 2809 753 2881 convulsivis
776 2809 1085 2907 hypochondrio·

76 2955 165 3001 rum
181 2926 444 2999 affectionibus
459 2928 653 3015 usuvenit,
668 2924 887 3024 sanguiferis
900 2927 940 2997 in
954 2942 1084 2999 ventre

76 3049 199 3131 vasis,
215 3045 278 3115 itta
298 3059 499 3143 propterea
517 3069 599 3142 quae
616 3043 663 3114 ad
687 3043 885 3115 cerebrum
907 3046 1085 3132 attinent,

76 3165 197 3261 magis
214 3163 395 3261 sanguine
410 3161 591 3250 distendi,
619 3160 824 3233 crederem.
853 3162 911 3231 Sic
936 3162 976 3231 in
1005 3161 1084 3233 aliis

79 3304 238 3377 quoque
253 3276 323 3350 feci
340 3278 474 3351 eodem
491 3279 612 3367 exitu,
637 3280 689 3349 sic
713 3279 823 3350 etiam
838 3279 878 3349 in
895 3277 1084 3377 plerisque

78 3421 214 3468 eorum
230 3393 395 3468 facturus
409 3419 572 3493 quorum
591 3397 779 3493 proximas
800 3394 994 3491 subjiciam
1010 3394 1086 3468 his-

78 3517 216 3602 torias,
232 3515 261 3586 si
270 3513 391 3585 adeos
403 3510 499 3585 forte
514 3511 718 3584 advocatus
727 3536 845 3585 essem
858 3567 867 3601 ,
882 3526 946 3584 aut
959 3514 1085 3610 potius

79 3633 109 3702 si
124 3655 293 3730 praeceps
306 3629 463 3700 morbus
472 3643 622 3727 tempus
633 3629 814 3718 dedisset,
827 3644 871 3701 ut
885 3629 1085 3726 quisquam

78 3748 127 3819 ad
144 3771 278 3820 eorum
297 3748 530 3818 curationem
547 3746 803 3818 advocaretur.

133 3868 185 3938 16.
206 3867 359 3937 iuvenis
375 3878 455 3936 erat
468 3869 636 3936 Venetus
652 3888 772 3936 annos
788 3879 899 3934 natus
915 3861 1086 3933 undetri-

76 4000 208 4082 genta,
239 3982 396 4081 gibbus,
425 3979 604 4070 bibosus,
635 3982 702 4077 qui
740 3980 931 4054 esculenta
956 3978 1084 4050 nescio
