2782 4668
152 392 221 442 mn.
247 394 271 439 ι.
299 390 347 438 oe
373 388 690 454 recensemus,
716 387 827 445 srrsr.
855 393 934 439 vni.
988 368 1060 468 399

64 507 163 580 niora
183 506 387 603 sanguine,
405 503 583 576 arteriosa
600 517 725 575 autem
748 501 981 577 firmioribus
997 522 1058 578 tu-

65 626 151 697 nicis
163 622 329 699 fuerunt.
341 625 445 697 Dura
459 621 751 693 meninxrevere
763 623 935 710 crassior,
945 649 1058 721 quam

65 742 182 815 soleat.
209 740 266 817 td
288 741 519 816 anteriorem
545 739 702 837 pincelis
729 740 916 838 glandulae
939 741 1058 815 basim

64 857 280 955 corpuscula
299 857 363 928 ille
386 856 562 933 subitura.
591 855 663 928 Sed
691 857 796 954 quod
815 860 975 951 maxime
1003 864 1059 931 vi-

67 1001 143 1047 sum
160 990 216 1047 est
228 974 385 1072 dignum
398 973 659 1063 adnotatione,
678 973 957 1049 cumcerebelli
974 1004 1059 1080 cor-

67 1092 177 1164 ticalis
203 1089 411 1164 substantie
435 1092 574 1165 mirum
602 1093 641 1165 in
667 1092 824 1167 modum
844 1093 924 1194 lena
945 1111 1059 1184 esset,

68 1207 205 1281 cerebri
225 1223 351 1281 autem
362 1209 479 1306 ipsius
490 1209 725 1308 pauloquem
738 1204 877 1300 solean
892 1213 1059 1302 mollior,

68 1340 100 1397 et
118 1325 211 1397 dure
228 1324 405 1422 quidem,
422 1325 487 1418 sed
506 1351 585 1399 non
598 1325 709 1415 adeo,
731 1328 947 1401 medullaris
969 1355 1059 1428 por-

68 1443 114 1515 tio
130 1467 211 1540 quse
230 1444 271 1513 in
293 1441 481 1518 oemhetto
509 1443 704 1532 conditur,
728 1461 771 1517 ut
793 1447 904 1521 etiam
928 1463 1060 1545 protu-

70 1560 229 1633 berantie
246 1560 459 1649 entruleris3
477 1559 608 1634 durius
630 1558 700 1632 fuit
717 1560 870 1659 spinalis
890 1564 1060 1651 medullae

71 1679 231 1769 initium,
249 1694 328 1751 tote
354 1689 479 1753 entem
496 1677 642 1749 cerebri
659 1678 876 1753 medullaris
891 1681 1061 1757 substan·

70 1796 132 1883 tia,
144 1798 222 1895 ipsa
242 1821 332 1867 vero
351 1795 550 1873 durissima
563 1796 715 1869 invente
734 1809 809 1868 est:
828 1836 834 1850 ·

117 1915 166 1987 16.
186 1919 345 1986 Auctam
369 1913 472 1986 dureo
493 1914 680 2011 meningis
709 1915 993 2011 crassitudinem
1015 1918 1062 1991 ad

73 2030 227 2105 eliornm-
237 2031 350 2130 paulo
364 2046 449 2107 ante
468 2031 523 2130 (ι)
541 2047 769 2111 memoratas,
782 2032 1063 2109 ohservationes

72 2147 237 2244 adjicit03
256 2149 413 2247 pincelis
421 2158 553 2221 autern
575 2149 757 2247 glandulae
773 2151 929 2241 vitium,
950 2168 987 2225 et
1002 2175 1063 2225 cc-

73 2265 163 2338 rebri
176 2267 354 2339 duritiem
365 2266 413 2339 ed
423 2282 590 2355 nostras,
607 2268 684 2339 imo
698 2266 791 2340 etad
805 2270 1057 2365 quorumdam

74 2383 260 2457 doctorum
279 2385 461 2456 virorum.
480 2389 526 2456 Et
544 2384 592 2455 de
610 2385 757 2482 pinceli
770 2386 927 2481 quidem
953 2388 1058 2484 glan-

73 2500 197 2574 dulain
215 2504 414 2601 praesentia
430 2503 609 2599 perpauci
622 2517 836 2573 occurrunt.
852 2504 955 2591 Quin
970 2505 1058 2575 Die-

73 2619 353 2693 merbroecltius
369 2618 424 2716 (a)
448 2642 534 2689 cnm
553 2619 742 2715 plurimes¹
759 2619 901 2690 indicet
923 2644 1059 2692 arenn-

74 2734 201 2828 lerunt,
211 2755 257 2813 -et
269 2737 501 2810 calculorum
519 2736 560 2805 in
575 2761 621 2807 en
643 2734 820 2834 glandule
835 2736 884 2807 eh
898 2738 978 2810 aliis
994 2739 1059 2809 ha-

74 2851 159 2928 bites
173 2856 473 2941 observationes,
487 2851 535 2927 ab
550 2851 609 2923 his
628 2868 756 2925 temen
774 2854 917 2950 pariter
930 2854 1060 2927 obser

74 2987 187 3044 vatum
209 2974 342 3071 legisse
362 2997 420 3061 se,
443 2985 554 3069 negat
569 3020 580 3058 ‚
598 2971 640 3041 in
668 2969 810 3067 quihus
829 2970 892 3045 ille
913 2989 1061 3069 reperte

75 3106 170 3179 sunt,
194 3092 241 3163 iis
266 3089 473 3188 quidquam
499 3087 725 3161 incommodi
749 3093 850 3159 circa
879 3091 1062 3164 animales

76 3213 224 3312 actiones
240 3213 453 3307 contigisse:
469 3232 540 3279 nec
563 3230 654 3276 vero
679 3229 743 3277 eos
760 3207 800 3275 in
824 3206 961 3315 quibus
981 3210 1061 3314 ipse
1121 3242 1123 3249 ’

77 3327 258 3424 conspexi,
274 3320 386 3398 fuisse
399 3350 530 3397 omnes
550 3323 682 3396 stultos
695 3337 826 3394 contra
838 3347 881 3394 ac
896 3328 1061 3424 superio-

75 3464 127 3514 res
147 3443 283 3569 docgnt
304 3442 470 3542 epistolae
490 3441 565 3541 (3),
587 3439 789 3512 contendo.
810 3441 883 3513 Sed
906 3443 1061 3517 hecelo

109 3720 150 3801 (1)
167 3728 205 3784 N.
222 3730 267 3786 13.

29 3902 31 3905 Ι
110 3822 151 3901 (2)
169 3829 256 3885 Anat.
270 3830 291 3885 1.
306 3828 338 3899 3,
357 3847 383 3884 c.
396 3827 425 3884 6.

109 3920 150 4000 (3)
168 3929 204 3997 V,
218 3947 248 3985 n.
266 3948 316 3999 11,
334 3929 432 3998 etVI,
447 3946 478 3982 n.
495 3943 540 3983 12.
