2774 4666
212 467 281 541 nra,
309 467 333 513 ι.
362 467 409 517 ne
435 466 571 515 nonus
595 466 755 530 eneruis,
779 468 891 519 crisa.
919 470 968 517 rv.
1023 449 1096 535 add

90 581 217 651 laxum
242 555 343 666 erat,
370 580 440 653 sub'
463 581 621 679 ejusque
635 583 744 653 tenui
759 583 936 680 meninge
957 583 1097 661 alicubi

91 696 263 793 quaedam
277 697 450 785 bullulae,
467 695 612 793 ubique
631 697 765 768 mador
780 699 1093 797 conspiciebatur.
1129 683 1133 689 ’

89 822 133 889 In
150 815 368 889 lateralibus
386 815 606 895 ventriculis
624 840 729 914 aquae
747 817 983 891 subcruentae
1015 844 1095 890 non

78 933 268 1015 multum.
289 935 384 1005 Vasa
401 947 528 1003 tamen
549 956 631 1028 quae
647 958 716 1031 per
733 960 866 1009 eorum
879 935 1098 1015 discurrunt

91 1051 274 1148 parietes,
301 1049 509 1147 plerusque
531 1051 602 1148 ipsi
622 1051 823 1127 choroides
842 1054 997 1127 minime
1017 1054 1100 1151 pal-0

91 1167 234 1241 lebant.
251 1167 437 1263 Utrinque
449 1167 488 1241 in
502 1172 709 1264 posteriore
719 1171 901 1268 plexuum
917 1186 1100 1268 perteue-

92 1284 219 1359 siculae
237 1299 363 1373 erant,
389 1284 581 1381 pellucido
600 1285 761 1367 humore
786 1288 953 1385 turgidae,
981 1290 1097 1361 Deni-

91 1427 167 1499 que
179 1400 358 1499 glandnla
370 1401 561 1498 pituitaria
576 1399 731 1477 humilis
741 1403 835 1481 adeo
845 1419 883 1481 et
893 1421 1100 1494 contracta,

90 1520 200 1616 quasi
219 1517 380 1595 utnulla
395 1542 476 1591 esse
497 1518 698 1591 videretur.
716 1523 781 1595 His
797 1522 849 1597 ita
866 1525 1099 1620 conspectis,

91 1636 237 1734 placuit
252 1635 368 1725 mibi,
382 1650 425 1707 ut
442 1634 578 1732 (quod
588 1637 628 1709 in
639 1635 866 1732 quibusdam
877 1638 1099 1734 hujusmodi

92 1753 267 1843 casibus,
283 1768 321 1823 et
330 1752 574 1835 cadaveribus
583 1753 687 1829 soleo
698 1753 712 1849 )
723 1755 917 1853 laryngcm
928 1778 1101 1853 quoque,

94 1887 131 1943 et
146 1870 239 1943 huic
258 1872 448 1968 proximas
463 1886 587 1968 partes
599 1872 882 1970 inspiceremus.
900 1878 1015 1947 Erant
1030 1900 1102 1957 nu«

93 2004 171 2061 tem
188 1988 323 2067 dentes
338 1988 519 2065 dentibus
537 2004 637 2061 arcte
654 1988 748 2063 adeo
764 2006 803 2065 et
818 1990 987 2071 valenter
1005 2014 1102 2073 coms

77 2107 217 2195 missi,
234 2122 373 2181 utnon
391 2107 471 2181 sine
493 2108 652 2191 maxima
668 2110 726 2195 vi,
743 2110 976 2205 summisque
987 2112 1103 2207 cenef

94 2223 199 2299 tibus
218 2224 397 2299 diducere
411 2227 671 2322 potuerimus,
689 2250 776 2297 cum
794 2240 933 2305 caetortu
948 2212 1102 2333 quiden}

94 2355 223 2440 partes
239 2342 394 2415 minime
410 2344 559 2441 rigidae,
583 2346 781 2425 intentaeve
798 2359 952 2433 «essem,
977 2369 1101 2441 nequo

94 2473 231 2557 praeter
258 2460 431 2556 superius
458 2460 627 2549 labrum,
647 2463 753 2559 quod
769 2463 810 2535 in
823 2463 1039 2550 moriente,
1061 2477 1102 2545 ut

94 2601 232 2676 supra,
254 2600 403 2653 sursum
421 2593 627 2677 retractum
644 2579 1007 2667 animadverterant,
1026 2580 1103 2659 ulla
1219 2644 1223 2653 .

94 2694 167 2769 alia
189 2708 280 2767 nota
298 2696 552 2792 apparuisset,
579 2719 662 2791 quae
680 2695 948 2775 distentionem
969 2720 1104 2779 nestor

92 2835 182 2885 rum
193 2809 429 2909 significaret.
449 2817 524 2887 Ore
540 2827 665 2885 autem
677 2811 842 2907 denique
855 2826 1009 2909 aperto,
1032 2813 1105 2909 priv

95 2952 206 3000 mum
225 2931 265 3003 in
283 2945 534 3029 conspectum·
547 2931 651 3005 venit
664 2947 812 3016 tumor,
831 2931 921 3005 nuci
931 2928 1105 3027 juglandr
1172 2957 1176 2963 ·

94 3044 216 3119 ferme
234 3073 324 3146 par,
341 3050 411 3146 qui
423 3048 614 3121 dexteram
626 3049 740 3146 palati
752 3063 920 3144 partein,
939 3070 1105 3143 quantor

94 3163 184 3241 laris
205 3164 600 3265 denseratplurimum
612 3169 781 3254 vitiatus,
797 3181 997 3254 etexesus,
1015 3188 1103 3249 tunt

94 3283 318 3359 continente
337 3286 485 3383 gingiva
503 3285 734 3382 occupabat,
753 3299 791 3357 et
805 3308 981 3381 purnes
1000 3299 1105 3381 parte

95 3415 231 3487 coeto,
248 3401 432 3499 turgebat.
453 3406 571 3477 Porro
585 3401 805 3477 membrana
819 3426 896 3498 qua
916 3402 1050 3489 uvula,
1069 3416 1106 3477 ct
1227 3427 1230 3432 ·

95 3520 284 3616 contiguae
303 3535 448 3618 partes,
467 3534 580 3621 atque
600 3523 762 3597 exterior
771 3521 904 3615 larynx
917 3519 965 3597 ad
981 3535 1104 3598 extre·

96 3656 205 3711 mum
237 3660 356 3735 usque
386 3638 614 3737 epiglottidis
646 3641 792 3737 apicem
827 3652 1106 3735 conteguntur,

93 3779 185 3827 cum
206 3757 248 3827 in
264 3780 414 3829 summo
432 3757 544 3832 livida
558 3772 657 3844 erat,
674 3773 756 3831 tum
769 3756 1106 3832 concisainnumcr

95 3897 158 3945 ras
170 3875 280 3971 quasi
289 3874 446 3948 cellulas
455 3876 525 3949 sub
537 3902 575 3948 se
586 3875 771 3961 ostendit,
790 3898 951 3971 quarum
961 3887 1105 3958 tenues,

95 4006 136 4061 et
156 3991 339 4064 subrubri
354 3987 515 4090 parietes
535 3990 719 4092 quadam,
740 4007 783 4065 ut
804 3993 859 4063 sic
878 3990 1026 4077 dicam,
1047 4013 1108 4084 ger

716 4122 719 4129 ⁴
869 4109 933 4178 16*
