2774 4670
175 428 178 433 ⁴
210 442 278 493 Lm.
306 444 331 489 1.
360 444 406 489 nu
432 417 568 489 nonius
593 440 752 507 cupium,
779 445 891 491 mum.
919 447 967 492 tx.
1022 431 1094 523 2199

78 554 243 628 historia
265 555 319 652 (ι)
348 556 506 626 relatum
533 571 588 627 est
606 554 653 626 de
672 580 881 653 ‘parvorum
899 561 1093 634 ⁴ossiculu-

78 697 170 743 rum
188 668 325 745 aculeis
340 698 385 743 ex
397 672 515 743 alteru
527 671 642 763 lutere
653 674 757 745 sinus
769 671 873 747 falcis
887 681 1093 774 superioris

79 789 542 887 extantibus,epilepticas
551 789 782 861 accessiones
792 791 1092 882 cientibus,nul··

77 905 121 976 lo
140 905 346 995 levamine,
365 906 438 978 nisi
455 930 500 975 ex
516 907 662 1002 magnis
686 903 876 1004 sanguinis
892 908 1093 985 detractio-

77 1021 208 1095 nibus.
228 1027 367 1094 Contra
377 1024 418 1093 in
433 1023 500 1094 illo
512 1022 658 1118 Ridleyi
672 1047 765 1094 cene
785 1023 886 1095 durae
905 1029 1092 1127 meningis

79 1137 379 1238 perforationem
403 1139 683 1236 haemorrkagt'a
706 1159 962 1238 praecesserat,
987 1169 1090 1241 qun,

80 1257 114 1328 si
123 1255 244 1328 levior
255 1255 400 1344 fuisset,
413 1278 493 1328 non
506 1271 601 1328 esset
615 1255 662 1327 ab
678 1259 926 1353 experimenti
936 1277 1090 1334 auctore

78 1389 301 1451 memorate.
322 1374 432 1447 Unde
449 1364 579 1444 laxitns
596 1387 703 1445 tauto
717 1372 863 1448 facilius
875 1401 954 1449 esse
967 1381 1092 1474 potuit

78 1491 190 1589 quod
209 1516 252 1564 ea
274 1516 360 1590 pars
380 1492 568 1589 meningis
590 1516 673 1587 qute
704 1490 891 1589 perforate
920 1510 989 1582 est,
1016 1499 1091 1568 ossi

77 1596 246 1708 amplius
262 1635 341 1681 non
360 1606 584 1681 adhaerebat.
602 1607 704 1681 Nihil
720 1624 845 1681 autem
856 1611 1035 1707 prohibet
1049 1614 1089 1684 in

18 1735 23 1743 '
77 1748 178 1815 una,
192 1742 256 1798 unt
273 1727 389 1798 altera·
405 1725 611 1814 awitlisio,
627 1726 727 1796 inter
739 1726 922 1822 plurimas
932 1726 1089 1801 fortasse

77 1844 130 1915 de
147 1843 353 1932 industria,
367 1836 744 1929 selectasexesionis,
767 1842 1088 1940 etperforationis

75 1962 304 2059 meningum
322 1960 602 2047 observatione,
620 1959 778 2031 laxitatis
798 1984 943 2048 causas,
963 1965 992 2034 si
1009 1990 1087 2059 nou

78 2076 372 2173 ejusdemmodi,
380 2091 418 2147 at
428 2076 571 2173 aliquas
579 2075 757 2172 suspicari
770 2103 777 2144 :
788 2077 1087 2185 qunlaxiteseiin

73 2195 235 2290 juvene,
253 2175 418 2291 itemque
433 2194 473 2263 in
491 2192 588 2263 duce
608 2192 674 2262 illo
687 2185 835 2279 fuisset,
855 2194 903 2266 de
923 2221 1086 2292 quorum

77 2310 201 2382 altero
224 2310 340 2384 habes
357 2312 396 2381 in
416 2309 488 2383 hee
509 2309 744 2407 Sepulchreti
761 2312 927 2401 sectione
953 2313 1084 2385 obser·

75 2428 229 2501 vatione
243 2432 310 2515 IV3
322 2425 495 2500 dealtero
512 2423 637 2497 autem
657 2426 920 2501 observatione
931 2432 1086 2518 XXVII,

76 2562 117 2618 et
135 2542 254 2618 fusius
278 2548 317 2616 in
338 2547 503 2617 sectione
524 2545 664 2643 prima,
690 2543 952 2615 observatione
971 2549 1086 2619 LXIX

74 2687 277 2763 perperam
294 2663 564 2763 atypographo
580 2662 763 2759 inscripta
784 2664 918 2748 XLIX3
939 2664 1084 2747 nunissi
1147 2722 1149 2727 ,

74 2782 194 2854 credo
209 2784 369 2881 pustulis
389 2806 497 2853 crosa
516 2782 610 2853 dura
626 2782 781 2851 meninx
795 2779 1015 2876 epilepsiam
1029 2797 1085 2852 et-

74 2900 242 2987 tulisset,
256 2925 381 2998 neque
396 2899 484 2970 huic
498 2915 560 2971 sat
570 2923 747 2995 magnum
764 2920 805 2967 os
820 2894 875 2965 ad
888 2898 1085 2977 insterla-

68 3018 177 3118 pt'dt's
206 3017 347 3090 stellati
370 3034 540 3104 acutum,
572 3040 639 3087 suo
664 3019 835 3087 acumine
858 3015 1084 3087 membranae

75 3135 181 3206 durae
193 3138 482 3227 inflammationi
491 3150 606 3235 atque
614 3136 849 3230 corruptioni
859 3154 963 3227 teque
975 3130 1084 3204 facile

75 3252 240 3324 dedisset
258 3259 506 3340 oecumenem,
532 3275 620 3324 cum
638 3249 823 3322 Herculeo
840 3250 971 3336 morbo
993 3270 1083 3325 con·

71 3372 225 3468 junctae.
790 3458 794 3461 ι
846 3434 855 3457 f
1074 3440 1078 3445 ,

129 3517 187 3564 22.
214 3486 314 3565 lund
340 3503 466 3560 autem
494 3501 647 3559 acutum
664 3510 708 3557 os
730 3491 769 3555 in
784 3481 907 3557 medio
935 3488 1083 3556 cerebro

75 3604 374 3711 deprehensum,
388 3630 475 3678 cum
496 3605 721 3702 meningem
733 3602 893 3673 cra'ssam
911 3604 1085 3674 acumine
1154 3615 1158 3621 '

114 3951 161 4029 (1)
182 3954 230 4008 An
250 3951 343 4021 1734,
358 3949 432 4006 Obs.
447 3949 535 4003 Anat.
555 3963 583 4000 2.
663 3999 667 4004 .
