2774 4670
289 420 358 493 536
452 445 498 488 nn
525 442 670 491 strumus
695 445 739 490 rr
763 445 887 492 crusis
912 444 1119 494 uonnoanu

288 555 490 656 spinalem‚
510 569 674 642 constat,
703 554 857 629 fortasse
884 558 937 630 ob
966 563 1186 658 sanguinem
1221 584 1287 632 sua

288 672 358 746 sibi
378 673 485 769 copia
506 695 650 743 moram
662 672 913 767 injicientem,
929 676 989 746 vel
1007 674 1054 746 ab
1069 677 1181 747 initio
1197 701 1287 747 con-

290 790 469 889 gestionis
485 778 659 885 effusam,
684 790 723 858 in
740 813 838 885 qua,
858 790 1065 863 secundum
1080 800 1288 866 memorata

251 953 256 965 ·
288 921 399 980 antea
418 904 473 1003 (1)
490 903 679 1003 exempla,
696 906 771 981 vim
788 909 984 1005 meninges
1002 909 1223 998 vellicandi,
1239 910 1288 981 le-

286 1026 428 1095 viorem
446 1037 571 1093 tamen
585 1021 754 1119 quam¹in
773 1023 856 1092 viro
874 1021 1017 1120 dequo
1039 1025 1287 1096 antedictum

221 1226 228 1235 .
288 1154 363 1225 est,
381 1140 560 1237 suspicari
585 1136 680 1221 nihil
700 1151 818 1227 vetat,
843 1154 879 1210 et
894 1164 936 1210 ea
950 1166 1032 1237 quae
1050 1166 1167 1239 supra
1177 1141 1233 1238 (2)
1240 1142 1292 1211 in·

287 1255 408 1328 dicata
424 1271 480 1327 est
500 1257 660 1342 ratione,
683 1256 749 1352 qui
765 1255 972 1327 convulsivi
995 1255 1133 1329 fierent
1145 1273 1290 1347 motus,

288 1374 485 1469 conjicere.

341 1515 394 1587 19.
422 1490 572 1585 Bajulus
599 1513 731 1578 senex,
752 1506 852 1561 certe
877 1514 1012 1579 canus,
1032 1492 1074 1561 in
1096 1492 1200 1564 idern
1221 1517 1290 1563 no-

290 1604 498 1678 socomium
515 1607 638 1679 illatus
664 1605 784 1678 fuerat
800 1607 977 1680 Kalendis
1000 1606 1201 1680 februariis
1227 1634 1291 1680 an-

289 1749 341 1795 no
362 1725 495 1795 eodem
519 1723 628 1820 1745,
653 1725 731 1821 jam
750 1725 828 1795 sine
843 1725 992 1822 loquela
1010 1779 1019 1812 ,
1034 1740 1073 1796 et
1088 1750 1295 1824 propemo-

288 1841 380 1912 dum
398 1843 476 1913 sine
496 1841 688 1939 pulsibus;
705 1857 742 1913 at
756 1852 838 1912 non
852 1842 931 1913 sine
950 1842 1119 1931 motibus
1138 1845 1293 1914 convul-

289 1960 385 2030 sivis.
403 1963 533 2055 Itaque
552 1957 685 2029 eodem
696 1957 756 2030 die
769 1974 943 2030 mortuus
951 1974 1017 2030 est.
1033 1963 1113 2029 Nec
1123 1959 1237 2057 plura
1249 1960 1293 2030 de

183 2164 184 2167 Ἴ
290 2075 371 2171 ejus
395 2074 530 2145 morbo
558 2076 650 2145 scire
680 2076 786 2146 licuit
803 2091 1003 2173 propterea
1031 2076 1139 2171 quod
1166 2077 1293 2147 nullus

291 2215 378 2262 eum
398 2190 504 2260 dorni
515 2192 691 2262 inviserat
710 2191 928 2289 chirurguS,
946 2207 1010 2263 aut
1019 2190 1194 2263 medicus
1207 2217 1295 2291 prae·

291 2321 348 2376 ter
363 2331 482 2376 unum
497 2307 563 2403 qui
579 2307 693 2404 paulo
711 2321 796 2378 ante
814 2306 860 2377 ad
879 2310 1002 2404 ipsum
1017 2307 1226 2397 adductus,
1243 2311 1293 2380 sic

291 2424 505 2510 invenerat,
520 2438 563 2494 ut
579 2424 695 2494 modo
712 2425 855 2494 dictum
875 2439 940 2513 est.

341 2539 506 2611 Cadaver
522 2541 562 2609 in
587 2542 820 2637 gymnasium
837 2540 1105 2640 importarunt,
1132 2545 1294 2641 quippe,

293 2660 364 2729 nisi
384 2656 488 2755 quod
504 2658 646 2754 palmas
659 2656 1021 2728 habebatoedemate
1039 2657 1293 2749 subtumidas,

293 2799 483 2847 summurn
501 2788 625 2843 autem
649 2788 780 2869 pectus
805 2774 930 2845 minus
952 2773 1069 2845 altum
1091 2796 1112 2844 a
1140 2778 1294 2848 sinistris

294 2915 407 2987 quam
416 2914 436 2959 a
446 2889 585 2960 dextris
596 2943 605 2976 ,
616 2889 939 2963 caetera‘idoneum
950 2892 1071 2961 visum
1083 2907 1145 2963 ,est
1154 2892 1204 2963 ad
1217 2918 1297 2964 ana·

293 3022 441 3095 tomen,
469 3030 581 3102 quam
602 3021 682 3075 tum
701 3005 905 3093 docebam3
930 3030 1109 3103 magnum
1138 3033 1294 3105 praeser·

293 3125 379 3211 tim,
404 3139 440 3194 et
462 3124 696 3197 lacertosum.
723 3127 807 3193 Haec
830 3138 955 3195 tamen
978 3147 1062 3219 quae
1080 3123 1226 3213 dicam,
1248 3126 1292 3197 ab

294 3255 436 3311 nature
451 3237 566 3308 modo
580 3239 666 3336 plus
679 3239 849 3310 minusve
859 3239 1097 3311 recedebant.
1109 3245 1156 3311 In
1165 3258 1292 3313 ventre

291 3360 400 3453 jecur
425 3356 705 3455 duriusculum,
722 3358 824 3428 intus
849 3372 1099 3453 extraque-ex
1117 3358 1289 3445 subalbo,

276 3616 340 3663 ex
356 3588 466 3660 viridi
478 3587 717 3661 flavescentis.
733 3592 825 3661 Lien
835 3614 1012 3688 magnus,
1028 3590 1289 3688 turgidusque:

335 3873 380 3953 (ι)
399 3877 437 3930 u.
453 3875 483 3933 6.

224 4004 227 4007 ·
334 3973 377 4050 (2)
397 3976 437 4031 N··
454 3992 498 4047 19·

278 3489 331 3571 ,et
346 3473 513 3544 obsolete
529 3472 624 3543 flavo
637 3472 880 3571 variegatam,
898 3474 1059 3549 vesicula
1073 3474 1186 3570 plena
1209 3476 1293 3545 bilis
1380 3528 1381 3531 η
