2784 4668
197 441 272 487 ιιι.
301 439 328 485 1.
356 436 886 503 nruonsrscsrrrrs,1rr1sr.
914 439 954 486 11.
1016 413 1083 486 125

74 550 244 652 gentibus
266 552 497 632 convulsivis
511 551 680 625 motibus
700 553 845 651 agitata.
866 554 990 626 Facies
1013 579 1079 626 ru-

76 669 144 743 bet.
162 671 239 764 Vix
255 695 338 742 uno
350 685 482 743 exacto
499 669 581 758 die,
597 672 741 742 interit.
760 698 768 703 ¹

114 782 286 860 Calvaria
300 802 447 885 aperta,
466 787 618 886 sanguis
630 814 633 819 ·
645 788 746 860 inter
763 784 960 862 dexterum
986 812 1076 887 pos-

75 905 249 976 teriorem
279 902 616 993 cerebrilobum,
641 917 678 975 et
701 902 835 977 duram
861 905 1079 1003 meningem

79 1020 294 1118 coagulatus
320 1020 534 1109 invenitur;
555 1044 682 1093 serum
707 1035 831 1091 autem
857 1021 963 1118 quasi
988 1046 1082 1092 con·
1181 1108 1183 1115 χ

79 1152 217 1210 cretum
234 1139 340 1210 inter
363 1134 575 1236 san-guisera
592 1162 678 1210 vasa
694 1137 848 1231 alterius
870 1138 1076 1237 meningis:
1108 1146 1110 1151 ⁴

78 1279 142 1353 qua
160 1256 304 1346 incisa,
318 1255 515 1354 paululum
532 1252 674 1328 effluxit
687 1256 771 1328 seri.

124 1373 175 1444 18.
203 1374 243 1443 Si
268 1369 367 1453 ‚forte
387 1374 545 1472 quaeris,
570 1372 617 1444 de
638 1372 807 1472 quinque
835 1373 1078 1472 apoplecticis

83 1513 238 1589 quornm
260 1490 429 1564 historiae
444 1490 640 1590 descriptae
656 1506 770 1581 sunt,
792 1514 859 1562 cur
877 1489 965 1562 huic
987 1490 1078 1581 uni,

81 1606 139 1705 qui
156 1607 204 1680 ad
219 1607 425 1681 cerebrum
437 1611 685 1707 potiusquam
701 1608 741 1681 in
750 1606 928 1698 cerebro,
944 1608 1078 1683 vitium

83 1725 257 1816 ostendit,
277 1726 450 1823 ingentes
461 1724 623 1822 subjecti
638 1725 763 1798 lateris
780 1724 988 1797 convulsivi
999 1749 1077 1796 mo-

85 1854 135 1913 tus
160 1841 396 1939 acciderint,
420 1841 590 1913 camilli
616 1844 682 1940 qui
708 1844 834 1940 primo
867 1842 1078 1942 descriptus

85 1952 158 2030 loco
171 1973 247 2050 est,
264 1960 438 2058 ingentes
457 1956 635 2032 accidisse
652 1982 731 2030 non
742 1958 931 2049 dicantur,
951 1961 992 2031 iu
1011 1962 1078 2031 tri-

84 2069 147 2147 bns
168 2074 327 2174 reliquis
350 2099 441 2147 non·
456 2074 572 2147 modo
602 2099 687 2147 non
705 2091 927 2165 narrentur,
952 2074 1078 2149 sedin

85 2192 229 2265 muliere
247 2193 388 2266 diserte
399 2208 605 2291 negentur,
618 2192 756 2291 quibus
766 2207 891 2269 tamen
901 2193 1078 2268 omnibus

85 2319 178 2383 tanto
193 2312 359 2409 majores
372 2332 387 2400 ,¹
406 2325 444 2384 et
461 2309 608 2384 cerebri
624 2311 780 2410 quidem
799 2311 936 2411 ipsius,
957 2313 1079 2384 laesio-

87 2429 346 2518 nesinessent3
372 2429 528 2500 minime
545 2428 712 2529 proclive
739 2443 794 2502 est
817 2452 969 2501 causam
990 2427 1079 2502 red-

87 2539 187 2636 dere,
196 2548 271 2621 nisi
297 2543 395 2621 forte
419 2544 570 2638 credas,
589 2550 812 2619 concretum
834 2547 1076 2646 sanguinem,

88 2674 118 2732 et
140 2687 263 2738 serum
296 2690 376 2739 non
413 2663 532 2765 magis
561 2663 758 2737 cerebrum
788 2667 1077 2763 compressisse,

90 2800 187 2876 quarn
210 2767 410 2883 meninges
429 2783 610 2869 irritasse,
637 2807 729 2881 quas
750 2781 925 2855 videlicet
945 2784 984 2854 in
1001 2781 1078 2854 hoc

88 2902 403 3003 unoapoplectico
423 2889 720 3000 contingebant:
743 2901 972 2973 sicutautem
985 2900 1075 2973 dex-

90 3022 170 3105 tera,
184 3033 222 3092 et
240 3020 393 3092 sinistra
410 3019 632 3117 meningum
653 3018 896 3118 pertesum,
911 3034 954 3091 ut
971 3018 1074 3090 fibrae

90 3132 219 3205 cerebri
234 3136 508 3225 decussantur,
531 3136 597 3209 sed
613 3152 715 3209 recta
739 3160 825 3208 cum
843 3136 976 3235 spinuli
996 3161 1076 3208 me-

90 3241 189 3340 dulla,
198 3268 234 3324 et
243 3254 370 3326 nervis
383 3254 424 3325 in
437 3277 547 3326 suum
557 3277 715 3352 quaeque
726 3252 821 3325 latus
829 3252 1075 3345 descendunt,

90 3359 133 3435 ita
147 3369 248 3464 quod
265 3372 362 3443 latus
372 3371 551 3470 'corporis
568 3371 719 3443 irritasse
739 3373 958 3470 meningum
978 3370 1077 3469 parti

90 3478 360 3578 subjiciebatur,
373 3487 602 3561 convulsivis
610 3486 778 3562 motibus
788 3490 968 3586 agitatum
979 3513 1074 3562 esse:

92 3598 187 3672 ansi
203 3628 277 3703 qua
291 3605 510 3679 irritationis
527 3607 750 3705 propagatio
766 3604 874 3678 fieret
893 3608 934 3679 in
954 3630 1075 3705 oppo-

93 3711 191 3789 situm
208 3747 360 3822 quoque
377 3722 475 3796 latus
489 3751 497 3794 :
512 3724 625 3821 hujus
637 3723 843 3814 musculos,
862 3725 1004 3823 quippe
1015 3749 1075 3796 re·
1129 3816 1131 3819 ι

94 3829 242 3929 solutos,
259 3841 301 3913 in
314 3855 439 3916 motus
455 3841 547 3918 cieri
563 3867 643 3916 non
663 3843 842 3942 potuisse.
863 3844 909 3915 At
922 3841 955 3915 si
972 3841 1075 3940 cogi-
