2774 4670
174 464 242 523 xia.
271 462 295 508 1.
323 462 370 509 nn
396 460 531 509 nonnis
558 460 713 522 cirins,
738 462 848 510 nrrsr.
876 463 925 508 ix.
983 430 1053 533 '473

66 575 153 646 nihil
165 578 235 649 nisi
245 577 375 673 opium
389 576 534 671 quietas
547 590 685 646 noctes,
694 575 921 653 restituebat.
934 579 1055 672 Atque

66 706 104 762 ut
119 692 232 764 multa
249 694 286 761 in
306 716 424 790 pauca
441 691 684 773 contrabam3
709 692 811 788 quod
844 691 967 762 morbi
991 717 1055 787 ag-

67 811 267 905 gressiones
285 808 331 879 de
349 806 679 905 frequentissimis,
699 825 740 880 ut
762 826 866 879 erant
887 809 1056 905 quotidie

67 951 189 1019 mense
210 928 337 1021 junio,
363 952 408 997 eo
424 925 626 1013 redierint,
645 942 687 998 ut
705 953 778 997 una
799 927 966 1023 quintili,
983 950 1057 995 una

67 1057 125 1112 aut
140 1042 254 1113 altera
276 1042 413 1128 sextili,
436 1067 506 1113 nec
528 1044 655 1139 plures
679 1042 881 1141 septembri
898 1040 1059 1128 fuerint,

68 1160 172 1229 nullae
190 1158 326 1233 deinde
343 1160 523 1257 proximis
538 1160 667 1231 saitem
683 1160 832 1232 duobus
850 1157 1060 1245 mensibus,

69 1292 102 1347 et
120 1275 222 1373 qnod
240 1278 423 1364 excurrit,
442 1276 564 1367 donec
591 1278 637 1349 ad
658 1278 881 1349 medicinam
910 1275 1060 1374 publice

68 1391 315 1489 profitendam
331 1393 499 1480 discessi,
516 1394 613 1490 ‘opio
644 1393 886 1465 tribuendum
916 1392 1060 1464 censui-

69 1500 162 1595 mus,
178 1523 392 1605 opportune
403 1509 493 1580 dato
508 1510 622 1581 modo
634 1511 789 1608 singulis
800 1510 991 1596 noctibus,
1005 1510 1061 1577 in-

69 1626 213 1696 terdum
233 1625 404 1712 alternis,
436 1625 600 1723 demque
629 1627 803 1724 pluribus
831 1626 1058 1698 inter'missis.

71 1747 118 1813 Eo
134 1747 235 1813 enim
251 1744 516 1815 tumultuarios
535 1758 661 1816 motus
683 1747 749 1841 qni
768 1744 814 1815 ab
841 1743 1062 1842 hypochon-

72 1859 174 1948 driis,
190 1859 387 1933 manifesto
402 1860 503 1931 haud
523 1887 608 1933 raro
628 1887 759 1945 sensu,
779 1862 825 1933 ad
845 1862 1062 1947 thoracem,

72 1994 252 2075 caputque
263 1978 486 2076 pergebant,
498 2005 736 2076 compescere
748 2035 757 2064 ,
771 1997 806 2052 et
818 1979 986 2051 inducias
1002 2003 1065 2049 na·

73 2108 176 2183 turae,
204 2110 316 2192 atque
340 2096 410 2166 arti
437 2096 634 2168 conciliare
659 2099 851 2195 potuimus
878 2097 925 2167 ad
951 2096 1067 2193 hypo·

75 2212 340 2284 chondriorum
355 2215 669 2302 viscera,utinitio
682 2212 1068 2302 statutumfnerat,sed

72 2329 253 2411 incassum
271 2331 369 2401 inter
384 2331 522 2427 primas
534 2332 614 2402 ilias
631 2331 795 2402 assiduas
809 2329 937 2400 turbas
948 2344 1066 2400 tenta-

72 2458 167 2536 tum,
182 2448 270 2520 satis
287 2446 525 2517 emundanda
543 2462 578 2517 et
596 2430 909 2533 confirmanda,a
928 2444 1067 2541 quibus

75 2561 268 2652 duntaxat,
284 2589 362 2634 non
378 2588 397 2633 a
418 2564 574 2635 cerebro
591 2589 686 2659 aqua
701 2563 956 2648 redundante,
969 2563 1066 2660 ipsas

81 2677 117 2751 fu
131 2706 186 2752 sse
208 2681 430 2778 repetendas
453 2681 608 2752 historia
625 2681 723 2769 haec,
740 2696 804 2753 aut
819 2705 891 2778 ego
913 2678 1065 2777 quidem

75 2795 196 2884 fallor,
216 2800 392 2897 praeclare
411 2798 583 2870 ostendit.

121 2917 151 2987 8.
178 2916 292 3005 Quod
309 2919 340 2987 si
352 2918 421 2987 alia
438 2932 615 3013 praterea
628 2915 796 3013 exempla
814 2916 920 3012 cupis
931 2915 1069 3014 epilep·

78 3033 133 3104 siae
155 3048 221 3104 aut
237 3032 284 3103 ab
305 3034 421 3103 animi
445 3030 638 3103 affectibus
663 3034 702 3102 in
727 3032 880 3102 bomine
898 3055 989 3102 sano
1012 3056 1069 3104 re·

77 3166 185 3246 pente
204 3165 357 3237 exortae,
382 3165 446 3220 aut
462 3149 613 3221 aliunde
631 3174 745 3246 quarn
766 3174 787 3219 a
808 3148 982 3238 cerebro,
999 3150 1071 3240 ini-

77 3268 167 3338 tium
186 3268 387 3364 capientis3
417 3267 611 3364 complura
628 3267 785 3338 interea
805 3267 972 3339 invenies
988 3293 1070 3364 quae

79 3382 382 3480 aScbenekio(1)
397 3384 552 3456 collecta
567 3398 671 3454 sunt:
689 3407 904 3481 quanquam
921 3384 1073 3481 antiqua

80 3500 170 3573 adeo
191 3515 247 3571 est
265 3499 474 3572 observatio
498 3501 709 3598 incipientis
729 3515 797 3570 ont
814 3525 840 3570 a
857 3500 990 3587 latere,
1007 3514 1076 3570 ant

82 3632 325 3705 airammum
331 3617 502 3715 pede,ut
513 3618 629 3714 ipsius
640 3626 818 3714 tanquam
829 3606 971 3687 facilius
983 3630 1074 3686 tunc
1166 3654 1169 3659 ,

119 3975 161 4050 (1)
181 3976 254 4030 Obs.
270 3976 377 4033 Medic.
390 3978 410 4032 l.
429 3996 442 4034 1
456 3976 511 4033 ubi
522 3977 558 4034 de
570 3977 729 4059 Epilepsia.
