2784 4668
264 403 331 474 168
429 427 476 471 na
502 425 647 472 sautans
672 425 716 471 aa
742 424 865 472 causis
891 422 1101 475 Moaaoaon

260 537 474 639 professore
502 541 687 636 Segnero,
717 538 798 633 ejus
824 538 981 635 praeside
1001 538 1055 638 (ι)
1083 543 1270 629 communi

261 662 451 755 opinioni,
475 659 566 753 qnia
596 661 634 725 in
655 680 702 725 ca
719 653 886 753 periculi
905 654 1057 727 omnino
1078 656 1179 727 nihil
1198 673 1265 743 ert,

262 775 468 845 inhaeream
488 775 586 847 circa
606 799 649 845 ea
667 790 750 870 quae
765 756 936 844 auctores
947 772 1089 870 fideles
1108 773 1157 845 de
1175 774 1268 845 elec-

261 897 363 961 tione
380 916 556 962 venarum
575 897 612 959 in
631 892 771 961 morbis
788 890 1036 975 secandarum
1051 892 1272 978 attulerunt,

259 1016 294 1079 si
309 1034 385 1079 non
392 1008 510 1106 plena
518 1009 755 1094 certitudine,
774 1033 914 1105 magna
925 1023 1049 1079 tamen
1059 1009 1268 1107 probabili-

259 1142 344 1198 tate.
362 1125 433 1195 Sed
448 1125 495 1196 ad
509 1110 747 1223 propositam
763 1124 1028 1197 dissectionem
1040 1139 1083 1196 ut
1093 1125 1270 1209 redeam,

260 1269 403 1342 quaeres
415 1242 592 1332 fortasse,
610 1268 704 1313 num
722 1255 938 1343 praeternos
948 1243 1012 1313 alii
1026 1245 1065 1312 in
1079 1241 1267 1338 ejusmodi

257 1386 318 1433 res
343 1360 567 1449 inciderint,
594 1374 630 1433 et
648 1360 885 1458 hemiplexiae
904 1361 1093 1440 internam
1117 1384 1275 1431 causam‘

256 1478 297 1549 in
315 1478 516 1576 opposit0,
536 1502 615 1548 non
634 1478 674 1547 in
694 1476 828 1548 eodem
839 1459 986 1548 cerebri
1005 1477 1119 1547 latere
1135 1475 1266 1573 depre·
1370 1510 1371 1561 r

255 1592 471 1666 henderint.
492 1600 570 1691 Ego
591 1618 682 1664 vero
701 1594 872 1690 quiante
889 1592 1269 1665 Valsalvamidvide-
1370 1574 1371 1627 ἶ

256 1714 333 1785 rint
356 1712 535 1808 quidem,
559 1710 625 1782 sed
651 1712 759 1808 quasi
788 1709 984 1782 fortuitum
1012 1710 1266 1808 neglexerint,

257 1826 475 1927 Wepferum
493 1827 645 1924 alias(2)
663 1843 700 1900 et
717 1827 907 1925 Baglivum
923 1828 1086 1899 indicavi
1104 1826 1169 1924 (3).
1182 1831 1267 1899 Pos-
1370 1814 1371 1885 Ῐ

257 1964 316 2019 tea
336 1971 556 2044 veroquam
575 1945 753 2016 Valsalvae
781 1944 992 2017 observatio
1015 1945 1167 2042 vulgata
1191 1960 1266 2033 est,

255 2065 359 2135 idem
395 2060 632 2159 conspexisse
666 2060 795 2161 plures
825 2087 906 2134 non
934 2062 1096 2134 dubito:
1119 2063 1264 2160 aliquos

257 2184 334 2254 scio
349 2181 414 2278 (4).
436 2184 539 2250 Intra
553 2182 654 2250 enim
676 2181 853 2251 eumdem
872 2205 1015 2251 annum
1038 2205 1113 2277 quo
1131 2181 1171 2253 in
1190 2206 1268 2251 mu·

257 2302 348 2370 liere
368 2298 431 2367 illa
448 2303 593 2368 Veneta
605 2296 651 2367 de
670 2322 744 2394 qua
754 2299 862 2368 initio
877 2297 1019 2370 dictum
1029 2313 1087 2373 est
1097 2299 1109 2375 (
1114 2297 1267 2393 5)‚Val‡

155 2444 157 2453 ¹
251 2404 361 2489 'satvae
375 2415 587 2487 doctrinam
608 2398 850 2504 corifirmavi,
867 2440 954 2487 cum
964 2416 1154 2519 Patavium
1167 2414 1263 2488 forte

248 2534 462 2625 ,venissem,
479 2533 617 2603 certior
635 2556 718 2603 sum
729 2530 849 2603 factus
861 2545 874 2620 ,'
885 2533 986 2605 idem
1007 2534 1111 2629 quod
1126 2535 1164 2603 in
1178 2535 1262 2624 itta,
1370 2536 1371 2543 ’

254 2651 318 2722 hic
335 2676 491 2748 quoque
509 2674 631 2747 nuper
649 2651 688 2718 in
709 2649 791 2719 viro
813 2665 1050 2747 compertum
1073 2674 1174 2742 esse,
1193 2653 1264 2724 nisi

180 2765 182 2768 ⁴
254 2754 505 2868 quod‘cavum
520 2770 559 2836 in
573 2767 749 2864 opposito
764 2766 985 2839 resolutioni
996 2767 1262 2866 hemisphaerio
1370 2776 1371 2849 Ξ

253 2887 325 2958 sibi
344 2913 365 2957 a
387 2886 778 2982 sanguineparatum,
809 2882 913 2954 hunc
945 2885 1044 2954 inter
1064 2887 1262 2985 meninges
1370 2914 1371 2987 j

243 3005 429 3102 -quidem;
446 3001 552 3072 tenui
566 3016 765 3098 perrupta,
784 3000 848 3071 sed
862 3002 989 3072 nonin
1007 3004 1260 3075 ventriculum

253 3123 413 3219 pariter,
430 3118 600 3214 alioquin
612 3120 850 3214 proximum,
871 3116 1064 3190 effuderat.
1091 3121 1163 3191 Vix
1186 3121 1260 3192 hoc

143 3311 147 3317 ,
254 3260 496 3334 acceperam,
523 3258 618 3315 *curn
645 3237 812 3306 Venetiis
841 3232 995 3324 litterae,
1022 3262 1117 3333 quas
1135 3239 1261 3310 adhuc
1370 3292 1371 3309 ,

306 3593 317 3628 1
355 3569 391 3629 In
404 3569 497 3647 Epist.
515 3574 641 3630 Dissert.
657 3574 752 3629 citatae
766 3574 910 3630 subnexa.

354 3673 448 3747 Epist.
463 3676 552 3728 Anat.
572 3674 623 3743 13,
640 3693 668 3727 n.
686 3691 732 3729 aa.

281 3760 286 3771 ⁴
306 3774 322 3829 3
355 3773 441 3831 Adde
453 3792 518 3846 quae
531 3772 609 3828 insra
622 3773 717 3846 Epist.
734 3792 786 3846 11,
800 3794 830 3829 n.
850 3791 896 3829 10.

355 3872 425 3927 Vid.
439 3891 504 3946 quae
516 3890 595 3928 mox.
609 3892 638 3927 n.
658 3873 703 3928 18.
