<?xml version="1.0" encoding="UTF-8"?>
<!DOCTYPE html PUBLIC "-//W3C//DTD XHTML 1.0 Transitional//EN"
    "http://www.w3.org/TR/xhtml1/DTD/xhtml1-transitional.dtd">
<html xmlns="http://www.w3.org/1999/xhtml" xml:lang="en" lang="en">
 <head>
  <title>
</title>
<meta http-equiv="Content-Type" content="text/html;charset=utf-8" />
  <meta name='ocr-system' content='tesseract 3.04.00' />
  <meta name='ocr-capabilities' content='ocr_page ocr_carea ocr_par ocr_line ocrx_word'/>
</head>
<body>
  <div class='ocr_page' id='page_1' title='image "./desedibusetcaus06adelgoog_0501.png"; bbox 0 0 2774 4670; ppageno 0'>
   <div class='ocr_carea' id='block_1_1' title="bbox 325 434 1165 529">
    <p class='ocr_par' dir='ltr' id='par_1_1' title="bbox 325 434 1165 529">
     <span class='ocr_line' id='line_1_1' title="bbox 325 434 1165 529; baseline 0.008 -25"><span class='ocrx_word' id='word_1_1' title='bbox 325 434 396 529; x_wconf 70' lang='lat'><strong>49²</strong></span> <span class='ocrx_word' id='word_1_2' title='bbox 456 474 461 481; x_wconf 93' lang='lat'><em>·</em></span> <span class='ocrx_word' id='word_1_3' title='bbox 492 458 540 504; x_wconf 77' lang='lat' dir='ltr'><strong>nn</strong></span> <span class='ocrx_word' id='word_1_4' title='bbox 565 457 711 508; x_wconf 80' lang='lat' dir='ltr'><strong>semum</strong></span> <span class='ocrx_word' id='word_1_5' title='bbox 736 461 782 507; x_wconf 80' lang='lat' dir='ltr'><strong>m</strong></span> <span class='ocrx_word' id='word_1_6' title='bbox 806 460 931 509; x_wconf 69' lang='lat' dir='ltr'><strong>census</strong></span> <span class='ocrx_word' id='word_1_7' title='bbox 955 460 1165 511; x_wconf 79' lang='lat' dir='ltr'><strong>nounounn</strong></span> 
     </span>
    </p>
   </div>
   <div class='ocr_carea' id='block_1_2' title="bbox 203 568 1360 3596">
    <p class='ocr_par' dir='ltr' id='par_1_2' title="bbox 203 568 1360 3596">
     <span class='ocr_line' id='line_1_2' title="bbox 325 568 1303 673; baseline 0.009 -35"><span class='ocrx_word' id='word_1_8' title='bbox 325 593 397 667; x_wconf 78' lang='lat' dir='ltr'><strong>gua</strong></span> <span class='ocrx_word' id='word_1_9' title='bbox 414 568 475 639; x_wconf 91' lang='lat' dir='ltr'><strong>hic</strong></span> <span class='ocrx_word' id='word_1_10' title='bbox 501 570 577 641; x_wconf 92' lang='lat' dir='ltr'><strong>illic</strong></span> <span class='ocrx_word' id='word_1_11' title='bbox 597 572 690 644; x_wconf 79' lang='lat' dir='ltr'><strong>ossis</strong></span> <span class='ocrx_word' id='word_1_12' title='bbox 713 571 979 659; x_wconf 80' lang='lat' dir='ltr'><strong>inchoamenta</strong></span> <span class='ocrx_word' id='word_1_13' title='bbox 1006 574 1045 645; x_wconf 90' lang='lat' dir='ltr'><strong>in</strong></span> <span class='ocrx_word' id='word_1_14' title='bbox 1072 599 1163 647; x_wconf 84' lang='lat' dir='ltr'><strong>arcu</strong></span> <span class='ocrx_word' id='word_1_15' title='bbox 1187 598 1303 673; x_wconf 78' lang='lat' dir='ltr'><strong>magne</strong></span> 
     </span>
     <span class='ocr_line' id='line_1_3' title="bbox 325 686 1304 787; baseline 0.007 -32"><span class='ocrx_word' id='word_1_16' title='bbox 325 686 477 756; x_wconf 79' lang='lat' dir='ltr'><strong>arteriae.</strong></span> <span class='ocrx_word' id='word_1_17' title='bbox 493 690 537 756; x_wconf 93' lang='lat' dir='ltr'><strong>In</strong></span> <span class='ocrx_word' id='word_1_18' title='bbox 552 688 675 786; x_wconf 92' lang='lat' dir='ltr'><strong>capite</strong></span> <span class='ocrx_word' id='word_1_19' title='bbox 691 704 826 787; x_wconf 76' lang='lat' dir='ltr'><strong>praeter</strong></span> <span class='ocrx_word' id='word_1_20' title='bbox 840 690 993 763; x_wconf 84' lang='lat' dir='ltr'><strong>alten‘us</strong></span> <span class='ocrx_word' id='word_1_21' title='bbox 1009 691 1225 765; x_wconf 85' lang='lat' dir='ltr'><strong>vertehmlis</strong></span> <span class='ocrx_word' id='word_1_22' title='bbox 1234 706 1304 762; x_wconf 86' lang='lat' dir='ltr'><strong>arte·</strong></span> 
     </span>
     <span class='ocr_line' id='line_1_4' title="bbox 324 802 1302 902; baseline 0.007 -31"><span class='ocrx_word' id='word_1_23' title='bbox 324 802 409 889; x_wconf 83' lang='lat' dir='ltr'><strong>riae,</strong></span> <span class='ocrx_word' id='word_1_24' title='bbox 426 802 583 900; x_wconf 87' lang='lat' dir='ltr'><strong>ejusque</strong></span> <span class='ocrx_word' id='word_1_25' title='bbox 598 806 637 875; x_wconf 88' lang='lat' dir='ltr'><strong>in</strong></span> <span class='ocrx_word' id='word_1_26' title='bbox 656 830 769 902; x_wconf 89' lang='lat' dir='ltr'><strong>quam</strong></span> <span class='ocrx_word' id='word_1_27' title='bbox 781 805 923 897; x_wconf 87' lang='lat' dir='ltr'><strong>influit,</strong></span> <span class='ocrx_word' id='word_1_28' title='bbox 939 809 1112 881; x_wconf 82' lang='lat' dir='ltr'>arteriam</span> <span class='ocrx_word' id='word_1_29' title='bbox 1132 808 1302 881; x_wconf 81' lang='lat' dir='ltr'><strong>basilaren</strong></span> 
     </span>
     <span class='ocr_line' id='line_1_5' title="bbox 322 920 1302 1024; baseline 0.008 -36"><span class='ocrx_word' id='word_1_30' title='bbox 322 920 460 991; x_wconf 82' lang='lat' dir='ltr'><strong>vocitat</strong></span> <span class='ocrx_word' id='word_1_31' title='bbox 474 921 541 993; x_wconf 88' lang='lat' dir='ltr'><strong>cel.</strong></span> <span class='ocrx_word' id='word_1_32' title='bbox 559 923 798 996; x_wconf 89' lang='lat' dir='ltr'><strong>Winslowins</strong></span> <span class='ocrx_word' id='word_1_33' title='bbox 813 923 889 1023; x_wconf 86' lang='lat'>(1),</span> <span class='ocrx_word' id='word_1_34' title='bbox 909 926 1111 1024; x_wconf 64' lang='lat' dir='ltr'><strong>inequales</strong></span> <span class='ocrx_word' id='word_1_35' title='bbox 1134 926 1302 997; x_wconf 80' lang='lat' dir='ltr'>nonnullis</span> 
     </span>
     <span class='ocr_line' id='line_1_6' title="bbox 322 1036 1302 1139; baseline 0.009 -35"><span class='ocrx_word' id='word_1_36' title='bbox 322 1037 363 1104; x_wconf 93' lang='lat' dir='ltr'><strong>in</strong></span> <span class='ocrx_word' id='word_1_37' title='bbox 378 1036 473 1108; x_wconf 92' lang='lat' dir='ltr'><strong>locis</strong></span> <span class='ocrx_word' id='word_1_38' title='bbox 485 1036 735 1128; x_wconf 82' lang='lat' dir='ltr'><strong>dilatationes,</strong></span> <span class='ocrx_word' id='word_1_39' title='bbox 748 1039 844 1112; x_wconf 92' lang='lat' dir='ltr'><strong>nihil</strong></span> <span class='ocrx_word' id='word_1_40' title='bbox 856 1043 1010 1139; x_wconf 89' lang='lat' dir='ltr'><strong>quidem</strong></span> <span class='ocrx_word' id='word_1_41' title='bbox 1024 1044 1064 1113; x_wconf 90' lang='lat' dir='ltr'><strong>in</strong></span> <span class='ocrx_word' id='word_1_42' title='bbox 1075 1044 1302 1117; x_wconf 75' lang='lat' dir='ltr'><strong>vasiscteteris</strong></span> 
     </span>
     <span class='ocr_line' id='line_1_7' title="bbox 322 1151 1300 1255; baseline 0.007 -31"><span class='ocrx_word' id='word_1_43' title='bbox 322 1151 582 1226; x_wconf 83' lang='lat' dir='ltr'><strong>adnotandum</strong></span> <span class='ocrx_word' id='word_1_44' title='bbox 600 1152 670 1228; x_wconf 87' lang='lat' dir='ltr'><strong>fuit</strong></span> <span class='ocrx_word' id='word_1_45' title='bbox 685 1182 769 1255; x_wconf 87' lang='lat' dir='ltr'><strong>quae</strong></span> <span class='ocrx_word' id='word_1_46' title='bbox 778 1183 903 1255; x_wconf 90' lang='lat' dir='ltr'><strong>neque</strong></span> <span class='ocrx_word' id='word_1_47' title='bbox 917 1160 1042 1231; x_wconf 89' lang='lat' dir='ltr'><strong>inania</strong></span> <span class='ocrx_word' id='word_1_48' title='bbox 1059 1174 1187 1247; x_wconf 87' lang='lat' dir='ltr'><strong>erant,</strong></span> <span class='ocrx_word' id='word_1_49' title='bbox 1200 1184 1300 1255; x_wconf 83' lang='lat' dir='ltr'><strong>neque</strong></span> 
     </span>
     <span class='ocr_line' id='line_1_8' title="bbox 322 1272 1360 1370; baseline 0.004 -29"><span class='ocrx_word' id='word_1_50' title='bbox 322 1272 504 1368; x_wconf 82' lang='lat' dir='ltr'><strong>sanguine</strong></span> <span class='ocrx_word' id='word_1_51' title='bbox 527 1286 662 1370; x_wconf 84' lang='lat' dir='ltr'><strong>praeter</strong></span> <span class='ocrx_word' id='word_1_52' title='bbox 687 1289 829 1346; x_wconf 82' lang='lat' dir='ltr'><strong>naturae</strong></span> <span class='ocrx_word' id='word_1_53' title='bbox 865 1275 1023 1347; x_wconf 91' lang='lat' dir='ltr'><strong>modum</strong></span> <span class='ocrx_word' id='word_1_54' title='bbox 1051 1275 1221 1348; x_wconf 88' lang='lat' dir='ltr'><strong>distenta.</strong></span> <span class='ocrx_word' id='word_1_55' title='bbox 1242 1278 1302 1345; x_wconf 84' lang='lat' dir='ltr'><strong>Nec</strong></span> <span class='ocrx_word' id='word_1_56' title='bbox 1359 1316 1360 1367; x_wconf 38' lang='lat' dir='ltr'><strong>p</strong></span> 
     </span>
     <span class='ocr_line' id='line_1_9' title="bbox 315 1376 1360 1487; baseline 0.001 -28"><span class='ocrx_word' id='word_1_57' title='bbox 315 1412 419 1486; x_wconf 81' lang='lat' dir='ltr'><strong>aqua</strong></span> <span class='ocrx_word' id='word_1_58' title='bbox 447 1386 518 1461; x_wconf 82' lang='lat' dir='ltr'><strong>tuit</strong></span> <span class='ocrx_word' id='word_1_59' title='bbox 535 1414 696 1487; x_wconf 82' lang='lat' dir='ltr'><strong>usquam</strong></span> <span class='ocrx_word' id='word_1_60' title='bbox 726 1390 852 1465; x_wconf 86' lang='lat' dir='ltr'><strong>effusa.</strong></span> <span class='ocrx_word' id='word_1_61' title='bbox 880 1397 1023 1466; x_wconf 87' lang='lat' dir='ltr'><strong>Verum</strong></span> <span class='ocrx_word' id='word_1_62' title='bbox 1045 1394 1093 1464; x_wconf 86' lang='lat' dir='ltr'><strong>ad</strong></span> <span class='ocrx_word' id='word_1_63' title='bbox 1121 1409 1302 1465; x_wconf 83' lang='lat' dir='ltr'><strong>extreman</strong></span> <span class='ocrx_word' id='word_1_64' title='bbox 1359 1376 1360 1445; x_wconf 81' lang='lat' dir='ltr'><strong>l</strong></span> 
     </span>
     <span class='ocr_line' id='line_1_10' title="bbox 320 1506 1301 1607; baseline 0.004 -33"><span class='ocrx_word' id='word_1_65' title='bbox 320 1519 467 1602; x_wconf 89' lang='lat' dir='ltr'><strong>partem</strong></span> <span class='ocrx_word' id='word_1_66' title='bbox 484 1507 678 1603; x_wconf 86' lang='lat' dir='ltr'><strong>utriusque</strong></span> <span class='ocrx_word' id='word_1_67' title='bbox 698 1506 853 1580; x_wconf 84' lang='lat' dir='ltr'><strong>thalami</strong></span> <span class='ocrx_word' id='word_1_68' title='bbox 878 1535 1083 1581; x_wconf 86' lang='lat' dir='ltr'><strong>nervorum</strong></span> <span class='ocrx_word' id='word_1_69' title='bbox 1112 1511 1301 1607; x_wconf 77' lang='lat' dir='ltr'><strong>optinorum</strong></span> 
     </span>
     <span class='ocr_line' id='line_1_11' title="bbox 322 1621 1301 1722; baseline 0.003 -29"><span class='ocrx_word' id='word_1_70' title='bbox 322 1622 428 1719; x_wconf 87' lang='lat' dir='ltr'><strong>color</strong></span> <span class='ocrx_word' id='word_1_71' title='bbox 446 1647 491 1693; x_wconf 84' lang='lat' dir='ltr'><strong>ex</strong></span> <span class='ocrx_word' id='word_1_72' title='bbox 509 1621 612 1695; x_wconf 86' lang='lat' dir='ltr'><strong>fulvo</strong></span> <span class='ocrx_word' id='word_1_73' title='bbox 630 1626 819 1722; x_wconf 84' lang='lat' dir='ltr'><strong>nigricans</strong></span> <span class='ocrx_word' id='word_1_74' title='bbox 835 1626 1018 1697; x_wconf 88' lang='lat' dir='ltr'><strong>indicium</strong></span> <span class='ocrx_word' id='word_1_75' title='bbox 1039 1625 1126 1698; x_wconf 85' lang='lat' dir='ltr'><strong>fecit</strong></span> <span class='ocrx_word' id='word_1_76' title='bbox 1141 1628 1218 1697; x_wconf 87' lang='lat' dir='ltr'><strong>vitii</strong></span> <span class='ocrx_word' id='word_1_77' title='bbox 1237 1625 1301 1696; x_wconf 81' lang='lat' dir='ltr'><strong>suh</strong></span> 
     </span>
     <span class='ocr_line' id='line_1_12' title="bbox 318 1738 1302 1839; baseline 0.001 -29"><span class='ocrx_word' id='word_1_78' title='bbox 318 1738 425 1834; x_wconf 82' lang='lat' dir='ltr'><strong>jectae</strong></span> <span class='ocrx_word' id='word_1_79' title='bbox 435 1739 625 1811; x_wconf 82' lang='lat' dir='ltr'><strong>medullae:</strong></span> <span class='ocrx_word' id='word_1_80' title='bbox 641 1755 679 1811; x_wconf 92' lang='lat' dir='ltr'><strong>et</strong></span> <span class='ocrx_word' id='word_1_81' title='bbox 691 1766 779 1814; x_wconf 85' lang='lat' dir='ltr'><strong>sane</strong></span> <span class='ocrx_word' id='word_1_82' title='bbox 795 1756 978 1838; x_wconf 84' lang='lat' dir='ltr'><strong>quantum</strong></span> <span class='ocrx_word' id='word_1_83' title='bbox 988 1741 1103 1839; x_wconf 81' lang='lat' dir='ltr'><strong>hujus</strong></span> <span class='ocrx_word' id='word_1_84' title='bbox 1114 1742 1302 1814; x_wconf 86' lang='lat' dir='ltr'><strong>substantia</strong></span> 
     </span>
     <span class='ocr_line' id='line_1_13' title="bbox 323 1854 1302 1947; baseline 0.002 -21"><span class='ocrx_word' id='word_1_85' title='bbox 323 1854 396 1926; x_wconf 83' lang='lat' dir='ltr'><strong>alte</strong></span> <span class='ocrx_word' id='word_1_86' title='bbox 413 1880 459 1926; x_wconf 93' lang='lat' dir='ltr'><strong>eo</strong></span> <span class='ocrx_word' id='word_1_87' title='bbox 479 1854 730 1928; x_wconf 85' lang='lat' dir='ltr'><strong>descendente</strong></span> <span class='ocrx_word' id='word_1_88' title='bbox 753 1857 881 1930; x_wconf 84' lang='lat' dir='ltr'><strong>colore</strong></span> <span class='ocrx_word' id='word_1_89' title='bbox 898 1856 1159 1947; x_wconf 80' lang='lat' dir='ltr'><strong>inficiebatur,</strong></span> <span class='ocrx_word' id='word_1_90' title='bbox 1182 1873 1302 1929; x_wconf 82' lang='lat' dir='ltr'><strong>tantun</strong></span> 
     </span>
     <span class='ocr_line' id='line_1_14' title="bbox 322 1971 1299 2072; baseline 0.003 -29"><span class='ocrx_word' id='word_1_91' title='bbox 322 1980 359 2044; x_wconf 95' lang='lat' dir='ltr'><strong>et</strong></span> <span class='ocrx_word' id='word_1_92' title='bbox 384 1997 492 2070; x_wconf 84' lang='lat' dir='ltr'><strong>aequo</strong></span> <span class='ocrx_word' id='word_1_93' title='bbox 510 1973 662 2044; x_wconf 90' lang='lat' dir='ltr'><strong>mollius</strong></span> <span class='ocrx_word' id='word_1_94' title='bbox 685 1971 772 2061; x_wconf 85' lang='lat' dir='ltr'><strong>fuit,</strong></span> <span class='ocrx_word' id='word_1_95' title='bbox 799 1988 836 2045; x_wconf 92' lang='lat' dir='ltr'><strong>et</strong></span> <span class='ocrx_word' id='word_1_96' title='bbox 857 1974 973 2046; x_wconf 86' lang='lat' dir='ltr'><strong>veluti</strong></span> <span class='ocrx_word' id='word_1_97' title='bbox 1005 1976 1299 2072; x_wconf 78' lang='lat' dir='ltr'><strong>semicorruptum</strong></span> 
     </span>
     <span class='ocr_line' id='line_1_15' title="bbox 321 2087 830 2188; baseline 0.008 -28"><span class='ocrx_word' id='word_1_98' title='bbox 321 2087 588 2186; x_wconf 82' lang='lat' dir='ltr'><strong>aspicientibus</strong></span> <span class='ocrx_word' id='word_1_99' title='bbox 602 2092 785 2188; x_wconf 85' lang='lat' dir='ltr'><strong>apparuit.</strong></span> <span class='ocrx_word' id='word_1_100' title='bbox 828 2182 830 2185; x_wconf 13' lang='grc' dir='ltr'>ι</span> 
     </span>
     <span class='ocr_line' id='line_1_16' title="bbox 374 2184 1301 2307; baseline 0.001 -32"><span class='ocrx_word' id='word_1_101' title='bbox 374 2229 427 2302; x_wconf 85' lang='lat'><strong>19.</strong></span> <span class='ocrx_word' id='word_1_102' title='bbox 457 2208 512 2277; x_wconf 78' lang='lat' dir='ltr'><strong>An</strong></span> <span class='ocrx_word' id='word_1_103' title='bbox 531 2206 607 2279; x_wconf 91' lang='lat' dir='ltr'><strong>hnc</strong></span> <span class='ocrx_word' id='word_1_104' title='bbox 630 2209 763 2281; x_wconf 87' lang='lat' dir='ltr'><strong>attinet</strong></span> <span class='ocrx_word' id='word_1_105' title='bbox 779 2233 821 2281; x_wconf 91' lang='lat' dir='ltr'><strong>ea</strong></span> <span class='ocrx_word' id='word_1_106' title='bbox 838 2206 1004 2295; x_wconf 83' lang='lat' dir='ltr'><strong>macula,</strong></span> <span class='ocrx_word' id='word_1_107' title='bbox 1031 2207 1078 2280; x_wconf 93' lang='lat' dir='ltr'><strong>de</strong></span> <span class='ocrx_word' id='word_1_108' title='bbox 1102 2234 1181 2307; x_wconf 90' lang='lat' dir='ltr'><strong>qua</strong></span> <span class='ocrx_word' id='word_1_109' title='bbox 1205 2184 1301 2278; x_wconf 62' lang='lat' dir='ltr'><strong>idn</strong></span> 
     </span>
     <span class='ocr_line' id='line_1_17' title="bbox 203 2325 1301 2424; baseline -0.004 -27"><span class='ocrx_word' id='word_1_110' title='bbox 203 2358 209 2369; x_wconf 93' lang='lat'><strong>·</strong></span> <span class='ocrx_word' id='word_1_111' title='bbox 320 2325 521 2424; x_wconf 83' lang='lat' dir='ltr'><strong>pulchreto</strong></span> <span class='ocrx_word' id='word_1_112' title='bbox 545 2328 599 2424; x_wconf 78' lang='lat'><strong>(2)</strong></span> <span class='ocrx_word' id='word_1_113' title='bbox 622 2327 778 2402; x_wconf 85' lang='lat' dir='ltr'><strong>affertur</strong></span> <span class='ocrx_word' id='word_1_114' title='bbox 796 2330 903 2402; x_wconf 89' lang='lat' dir='ltr'><strong>locus</strong></span> <span class='ocrx_word' id='word_1_115' title='bbox 926 2331 1078 2401; x_wconf 85' lang='lat' dir='ltr'><strong>Heurici</strong></span> <span class='ocrx_word' id='word_1_116' title='bbox 1098 2326 1250 2399; x_wconf 66' lang='lat' dir='ltr'><strong>Petraei?</strong></span> <span class='ocrx_word' id='word_1_117' title='bbox 1266 2329 1301 2394; x_wconf 83' lang='lat' dir='ltr'><strong>lu</strong></span> 
     </span>
     <span class='ocr_line' id='line_1_18' title="bbox 321 2428 1299 2543; baseline 0 -29"><span class='ocrx_word' id='word_1_118' title='bbox 321 2450 482 2515; x_wconf 84' lang='lat' dir='ltr'><strong>sectione</strong></span> <span class='ocrx_word' id='word_1_119' title='bbox 507 2446 686 2543; x_wconf 74' lang='lat' dir='ltr'><strong>epilepsia</strong></span> <span class='ocrx_word' id='word_1_120' title='bbox 704 2428 970 2538; x_wconf 68' lang='lat' dir='ltr'><strong>deafunctorum</strong></span> <span class='ocrx_word' id='word_1_121' title='bbox 988 2444 1135 2517; x_wconf 84' lang='lat' dir='ltr'><strong>nullum</strong></span> <span class='ocrx_word' id='word_1_122' title='bbox 1160 2447 1299 2516; x_wconf 71' lang='lat' dir='ltr'><strong>obstruo</strong></span> 
     </span>
     <span class='ocr_line' id='line_1_19' title="bbox 319 2561 1299 2660; baseline -0.003 -28"><span class='ocrx_word' id='word_1_123' title='bbox 319 2567 432 2632; x_wconf 83' lang='lat' dir='ltr'><strong>tionis</strong></span> <span class='ocrx_word' id='word_1_124' title='bbox 441 2568 637 2659; x_wconf 79' lang='lat' dir='ltr'><strong>vestigium</strong></span> <span class='ocrx_word' id='word_1_125' title='bbox 652 2578 831 2660; x_wconf 82' lang='lat' dir='ltr'><strong>apparet,</strong></span> <span class='ocrx_word' id='word_1_126' title='bbox 850 2562 920 2635; x_wconf 83' lang='lat' dir='ltr'><strong>sed</strong></span> <span class='ocrx_word' id='word_1_127' title='bbox 932 2562 1047 2634; x_wconf 84' lang='lat' dir='ltr'><strong>modo</strong></span> <span class='ocrx_word' id='word_1_128' title='bbox 1057 2561 1223 2647; x_wconf 83' lang='lat' dir='ltr'><strong>macula,</strong></span> <span class='ocrx_word' id='word_1_129' title='bbox 1238 2583 1299 2629; x_wconf 90' lang='lat' dir='ltr'><strong>mo·</strong></span> 
     </span>
     <span class='ocr_line' id='line_1_20' title="bbox 320 2678 1299 2778; baseline -0.006 -28"><span class='ocrx_word' id='word_1_130' title='bbox 320 2678 371 2750; x_wconf 90' lang='lat' dir='ltr'><strong>do</strong></span> <span class='ocrx_word' id='word_1_131' title='bbox 397 2680 533 2751; x_wconf 73' lang='lat' dir='ltr'><strong>hutnor</strong></span> <span class='ocrx_word' id='word_1_132' title='bbox 560 2696 643 2751; x_wconf 84' lang='lat' dir='ltr'><strong>ater</strong></span> <span class='ocrx_word' id='word_1_133' title='bbox 673 2696 711 2751; x_wconf 89' lang='lat' dir='ltr'><strong>et</strong></span> <span class='ocrx_word' id='word_1_134' title='bbox 729 2705 944 2778; x_wconf 80' lang='lat' dir='ltr'><strong>spmnosus,</strong></span> <span class='ocrx_word' id='word_1_135' title='bbox 968 2679 1083 2751; x_wconf 86' lang='lat' dir='ltr'><strong>modo</strong></span> <span class='ocrx_word' id='word_1_136' title='bbox 1101 2679 1202 2750; x_wconf 80' lang='lat' dir='ltr'><strong>nihil</strong></span> <span class='ocrx_word' id='word_1_137' title='bbox 1208 2699 1299 2775; x_wconf 86' lang='lat' dir='ltr'><strong>pror-</strong></span> 
     </span>
     <span class='ocr_line' id='line_1_21' title="bbox 317 2788 1298 2896; baseline -0.004 -30"><span class='ocrx_word' id='word_1_138' title='bbox 317 2821 389 2866; x_wconf 83' lang='lat' dir='ltr'><strong>sus.</strong></span> <span class='ocrx_word' id='word_1_139' title='bbox 398 2796 544 2867; x_wconf 84' lang='lat' dir='ltr'><strong>Macula</strong></span> <span class='ocrx_word' id='word_1_140' title='bbox 553 2796 877 2895; x_wconf 81' lang='lat' dir='ltr'><strong>certeinutroque</strong></span> <span class='ocrx_word' id='word_1_141' title='bbox 885 2794 1251 2896; x_wconf 87' lang='lat' dir='ltr'><strong>productoexemplo</strong></span> <span class='ocrx_word' id='word_1_142' title='bbox 1258 2788 1298 2888; x_wconf 78' lang='lat'><strong>(3)</strong></span> 
     </span>
     <span class='ocr_line' id='line_1_22' title="bbox 319 2907 1297 3013; baseline -0.005 -30"><span class='ocrx_word' id='word_1_143' title='bbox 319 2910 413 2983; x_wconf 89' lang='lat' dir='ltr'><strong>mihi</strong></span> <span class='ocrx_word' id='word_1_144' title='bbox 428 2912 569 2984; x_wconf 87' lang='lat' dir='ltr'><strong>indicio</strong></span> <span class='ocrx_word' id='word_1_145' title='bbox 581 2911 650 2985; x_wconf 85' lang='lat' dir='ltr'><strong>fuit</strong></span> <span class='ocrx_word' id='word_1_146' title='bbox 664 2914 813 2988; x_wconf 91' lang='lat' dir='ltr'><strong>latentis</strong></span> <span class='ocrx_word' id='word_1_147' title='bbox 826 2915 997 3013; x_wconf 81' lang='lat' dir='ltr'><strong>proxime</strong></span> <span class='ocrx_word' id='word_1_148' title='bbox 1011 2914 1106 3002; x_wconf 79' lang='lat' dir='ltr'><strong>vitii,</strong></span> <span class='ocrx_word' id='word_1_149' title='bbox 1127 2911 1244 3011; x_wconf 85' lang='lat' dir='ltr'><strong>quod,</strong></span> <span class='ocrx_word' id='word_1_150' title='bbox 1260 2907 1297 2978; x_wconf 85' lang='lat' dir='ltr'><strong>al·</strong></span> 
     </span>
     <span class='ocr_line' id='line_1_23' title="bbox 316 3028 1297 3128; baseline -0.005 -27"><span class='ocrx_word' id='word_1_151' title='bbox 316 3030 391 3101; x_wconf 90' lang='lat' dir='ltr'><strong>tius</strong></span> <span class='ocrx_word' id='word_1_152' title='bbox 403 3028 582 3118; x_wconf 80' lang='lat' dir='ltr'><strong>secando,</strong></span> <span class='ocrx_word' id='word_1_153' title='bbox 598 3031 827 3128; x_wconf 83' lang='lat' dir='ltr'><strong>seprodidit.</strong></span> <span class='ocrx_word' id='word_1_154' title='bbox 846 3036 1030 3103; x_wconf 71' lang='lat' dir='ltr'><strong>Caeterum</strong></span> <span class='ocrx_word' id='word_1_155' title='bbox 1048 3029 1097 3102; x_wconf 82' lang='lat' dir='ltr'><strong>ad</strong></span> <span class='ocrx_word' id='word_1_156' title='bbox 1113 3029 1190 3101; x_wconf 91' lang='lat' dir='ltr'><strong>hoc</strong></span> <span class='ocrx_word' id='word_1_157' title='bbox 1205 3049 1297 3127; x_wconf 91' lang='lat' dir='ltr'><strong>pecu·</strong></span> 
     </span>
     <span class='ocr_line' id='line_1_24' title="bbox 317 3141 1296 3245; baseline -0.006 -28"><span class='ocrx_word' id='word_1_158' title='bbox 317 3146 408 3219; x_wconf 86' lang='lat' dir='ltr'><strong>liare</strong></span> <span class='ocrx_word' id='word_1_159' title='bbox 418 3148 673 3244; x_wconf 86' lang='lat' dir='ltr'><strong>corruptionis</strong></span> <span class='ocrx_word' id='word_1_160' title='bbox 684 3148 830 3220; x_wconf 85' lang='lat' dir='ltr'><strong>cerebri</strong></span> <span class='ocrx_word' id='word_1_161' title='bbox 840 3172 959 3245; x_wconf 85' lang='lat' dir='ltr'><strong>genus</strong></span> <span class='ocrx_word' id='word_1_162' title='bbox 966 3145 1208 3220; x_wconf 84' lang='lat' dir='ltr'><strong>referendum</strong></span> <span class='ocrx_word' id='word_1_163' title='bbox 1217 3141 1296 3212; x_wconf 88' lang='lat' dir='ltr'><strong>vide·</strong></span> 
     </span>
     <span class='ocr_line' id='line_1_25' title="bbox 315 3259 1295 3361; baseline -0.003 -27"><span class='ocrx_word' id='word_1_164' title='bbox 315 3279 379 3334; x_wconf 84' lang='lat' dir='ltr'><strong>tur</strong></span> <span class='ocrx_word' id='word_1_165' title='bbox 403 3262 508 3361; x_wconf 94' lang='lat' dir='ltr'><strong>quod</strong></span> <span class='ocrx_word' id='word_1_166' title='bbox 532 3264 571 3334; x_wconf 92' lang='lat' dir='ltr'><strong>in</strong></span> <span class='ocrx_word' id='word_1_167' title='bbox 595 3267 731 3338; x_wconf 85' lang='lat' dir='ltr'><strong>eximio</strong></span> <span class='ocrx_word' id='word_1_168' title='bbox 756 3267 837 3337; x_wconf 85' lang='lat' dir='ltr'><strong>viro</strong></span> <span class='ocrx_word' id='word_1_169' title='bbox 863 3263 1077 3347; x_wconf 79' lang='lat' dir='ltr'><strong>Alexandro</strong></span> <span class='ocrx_word' id='word_1_170' title='bbox 1100 3259 1295 3344; x_wconf 81' lang='lat' dir='ltr'><strong>Marchetti,</strong></span> 
     </span>
     <span class='ocr_line' id='line_1_26' title="bbox 317 3368 1295 3480; baseline -0.008 -29"><span class='ocrx_word' id='word_1_171' title='bbox 317 3395 403 3479; x_wconf 91' lang='lat' dir='ltr'><strong>post</strong></span> <span class='ocrx_word' id='word_1_172' title='bbox 423 3380 519 3452; x_wconf 92' lang='lat' dir='ltr'><strong>duos</strong></span> <span class='ocrx_word' id='word_1_173' title='bbox 539 3368 760 3480; x_wconf 87' lang='lat' dir='ltr'><strong>epilepticos</strong></span> <span class='ocrx_word' id='word_1_174' title='bbox 777 3382 938 3453; x_wconf 86' lang='lat' dir='ltr'><strong>insultus</strong></span> <span class='ocrx_word' id='word_1_175' title='bbox 956 3404 1036 3451; x_wconf 91' lang='lat' dir='ltr'><strong>uon</strong></span> <span class='ocrx_word' id='word_1_176' title='bbox 1054 3380 1187 3453; x_wconf 86' lang='lat' dir='ltr'><strong>multis</strong></span> <span class='ocrx_word' id='word_1_177' title='bbox 1204 3380 1295 3449; x_wconf 74' lang='lat' dir='ltr'><strong>inteu</strong></span> 
     </span>
     <span class='ocr_line' id='line_1_27' title="bbox 314 3492 1294 3596; baseline -0.013 -26"><span class='ocrx_word' id='word_1_178' title='bbox 314 3499 423 3594; x_wconf 88' lang='lat' dir='ltr'><strong>jectis</strong></span> <span class='ocrx_word' id='word_1_179' title='bbox 443 3496 575 3569; x_wconf 88' lang='lat' dir='ltr'><strong>diebus</strong></span> <span class='ocrx_word' id='word_1_180' title='bbox 592 3495 679 3570; x_wconf 84' lang='lat' dir='ltr'><strong>forti</strong></span> <span class='ocrx_word' id='word_1_181' title='bbox 699 3498 895 3596; x_wconf 86' lang='lat' dir='ltr'><strong>apoplexia</strong></span> <span class='ocrx_word' id='word_1_182' title='bbox 914 3492 1294 3584; x_wconf 59' lang='lat' dir='ltr'><strong>sublat02animadver·</strong></span> 
     </span>
    </p>
   </div>
   <div class='ocr_carea' id='block_1_3' title="bbox 355 3792 1091 4073">
    <p class='ocr_par' dir='ltr' id='par_1_3' title="bbox 355 3792 1091 4073">
     <span class='ocr_line' id='line_1_28' title="bbox 355 3792 1091 3874; baseline -0.003 -23"><span class='ocrx_word' id='word_1_183' title='bbox 355 3792 399 3871; x_wconf 90' lang='lat'><strong>(1)</strong></span> <span class='ocrx_word' id='word_1_184' title='bbox 420 3796 528 3874; x_wconf 86' lang='lat' dir='ltr'><strong>Expos.</strong></span> <span class='ocrx_word' id='word_1_185' title='bbox 541 3796 631 3855; x_wconf 85' lang='lat' dir='ltr'><strong>Anat.</strong></span> <span class='ocrx_word' id='word_1_186' title='bbox 644 3807 682 3852; x_wconf 87' lang='lat' dir='ltr'><strong>tr.</strong></span> <span class='ocrx_word' id='word_1_187' title='bbox 695 3795 746 3852; x_wconf 85' lang='lat' dir='ltr'><strong>des</strong></span> <span class='ocrx_word' id='word_1_188' title='bbox 757 3798 856 3854; x_wconf 76' lang='lat' dir='ltr'><strong>Aruer.</strong></span> <span class='ocrx_word' id='word_1_189' title='bbox 868 3814 900 3852; x_wconf 91' lang='lat' dir='ltr'><strong>n.</strong></span> <span class='ocrx_word' id='word_1_190' title='bbox 912 3813 962 3871; x_wconf 80' lang='lat'><strong>99.</strong></span> <span class='ocrx_word' id='word_1_191' title='bbox 975 3804 1004 3852; x_wconf 88' lang='lat' dir='ltr'><strong>et</strong></span> <span class='ocrx_word' id='word_1_192' title='bbox 1014 3793 1091 3851; x_wconf 80' lang='lat' dir='ltr'><strong>suiv.</strong></span> 
     </span>
     <span class='ocr_line' id='line_1_29' title="bbox 355 3890 779 3969; baseline 0.005 -20"><span class='ocrx_word' id='word_1_193' title='bbox 355 3892 400 3969; x_wconf 81' lang='lat' dir='ltr'><strong>(a)</strong></span> <span class='ocrx_word' id='word_1_194' title='bbox 419 3896 496 3951; x_wconf 87' lang='lat' dir='ltr'><strong>Sect.</strong></span> <span class='ocrx_word' id='word_1_195' title='bbox 508 3890 564 3951; x_wconf 84' lang='lat' dir='ltr'><strong>hac</strong></span> <span class='ocrx_word' id='word_1_196' title='bbox 585 3913 637 3966; x_wconf 78' lang='lat'><strong>12,</strong></span> <span class='ocrx_word' id='word_1_197' title='bbox 651 3895 716 3953; x_wconf 84' lang='lat' dir='ltr'><strong>obs.</strong></span> <span class='ocrx_word' id='word_1_198' title='bbox 732 3903 779 3963; x_wconf 68' lang='lat'><strong>14.</strong></span> 
     </span>
     <span class='ocr_line' id='line_1_30' title="bbox 356 3990 618 4073; baseline -0.004 -23"><span class='ocrx_word' id='word_1_199' title='bbox 356 3990 618 4073; x_wconf 46' lang='lat' dir='ltr'><strong>&amp;Rham</strong></span> 
     </span>
    </p>
   </div>
   <div class='ocr_carea' id='block_1_4' title="bbox 0 0 1392 4670">
    <p class='ocr_par' dir='ltr' id='par_1_4' title="bbox 0 0 1392 4670">
     <span class='ocr_line' id='line_1_31' title="bbox 0 0 1392 4670; baseline 0 3"><span class='ocrx_word' id='word_1_200' title='bbox 0 0 1392 4670; x_wconf 95' lang='lat' dir='ltr'><strong> </strong></span> 
     </span>
    </p>
   </div>
  </div>
 </body>
</html>
