<?xml version="1.0" encoding="UTF-8"?>
<!DOCTYPE html PUBLIC "-//W3C//DTD XHTML 1.0 Transitional//EN"
    "http://www.w3.org/TR/xhtml1/DTD/xhtml1-transitional.dtd">
<html xmlns="http://www.w3.org/1999/xhtml" xml:lang="en" lang="en">
 <head>
  <title>
</title>
<meta http-equiv="Content-Type" content="text/html;charset=utf-8" />
  <meta name='ocr-system' content='tesseract 3.04.00' />
  <meta name='ocr-capabilities' content='ocr_page ocr_carea ocr_par ocr_line ocrx_word'/>
</head>
<body>
  <div class='ocr_page' id='page_1' title='image "./desedibusetcaus06adelgoog_0208.png"; bbox 0 0 2774 4666; ppageno 0'>
   <div class='ocr_carea' id='block_1_1' title="bbox 187 480 1067 553">
    <p class='ocr_par' dir='ltr' id='par_1_1' title="bbox 187 480 1067 553">
     <span class='ocr_line' id='line_1_1' title="bbox 187 480 1067 553; baseline -0.008 -21"><span class='ocrx_word' id='word_1_1' title='bbox 187 485 256 533; x_wconf 80' lang='lat' dir='ltr'>Lm.</span> <span class='ocrx_word' id='word_1_2' title='bbox 284 485 308 532; x_wconf 87' lang='lat'>1.</span> <span class='ocrx_word' id='word_1_3' title='bbox 337 486 383 532; x_wconf 83' lang='lat' dir='ltr'>DE</span> <span class='ocrx_word' id='word_1_4' title='bbox 410 483 544 530; x_wconf 78' lang='lat' dir='ltr'>Moums</span> <span class='ocrx_word' id='word_1_5' title='bbox 569 481 724 545; x_wconf 80' lang='lat' dir='ltr'>CAPITIS,</span> <span class='ocrx_word' id='word_1_6' title='bbox 750 480 860 529; x_wconf 69' lang='lat' dir='ltr'>salsa.</span> <span class='ocrx_word' id='word_1_7' title='bbox 889 481 943 527; x_wconf 88' lang='lat'><em>111.</em></span> <span class='ocrx_word' id='word_1_8' title='bbox 1002 480 1067 553; x_wconf 71' lang='lat'>197</span> 
     </span>
    </p>
   </div>
   <div class='ocr_carea' id='block_1_2' title="bbox 74 592 1152 2331">
    <p class='ocr_par' dir='ltr' id='par_1_2' title="bbox 74 592 1152 2331">
     <span class='ocr_line' id='line_1_2' title="bbox 75 592 1072 694; baseline -0.006 -25"><span class='ocrx_word' id='word_1_9' title='bbox 75 597 135 671; x_wconf 88' lang='lat' dir='ltr'>has</span> <span class='ocrx_word' id='word_1_10' title='bbox 151 600 198 670; x_wconf 88' lang='lat' dir='ltr'>ad</span> <span class='ocrx_word' id='word_1_11' title='bbox 209 614 246 672; x_wconf 87' lang='lat' dir='ltr'>te</span> <span class='ocrx_word' id='word_1_12' title='bbox 258 597 467 675; x_wconf 87' lang='lat' dir='ltr'>scribebam</span> <span class='ocrx_word' id='word_1_13' title='bbox 480 596 672 694; x_wconf 84' lang='lat' dir='ltr'><strong>epistolas,</strong></span> <span class='ocrx_word' id='word_1_14' title='bbox 690 596 886 680; x_wconf 81' lang='lat' dir='ltr'>extitisset3</span> <span class='ocrx_word' id='word_1_15' title='bbox 901 618 981 664; x_wconf 91' lang='lat' dir='ltr'>non</span> <span class='ocrx_word' id='word_1_16' title='bbox 996 592 1072 664; x_wconf 90' lang='lat' dir='ltr'>hoc</span> 
     </span>
     <span class='ocr_line' id='line_1_3' title="bbox 76 711 1072 813; baseline -0.006 -27"><span class='ocrx_word' id='word_1_17' title='bbox 76 741 207 804; x_wconf 86' lang='lat' dir='ltr'>unum,</span> <span class='ocrx_word' id='word_1_18' title='bbox 225 715 330 813; x_wconf 89' lang='lat' dir='ltr'>quod</span> <span class='ocrx_word' id='word_1_19' title='bbox 347 713 409 784; x_wconf 91' lang='lat' dir='ltr'>hic</span> <span class='ocrx_word' id='word_1_20' title='bbox 431 713 547 801; x_wconf 81' lang='lat' dir='ltr'>addc,</span> <span class='ocrx_word' id='word_1_21' title='bbox 567 739 612 784; x_wconf 88' lang='lat' dir='ltr'>ex</span> <span class='ocrx_word' id='word_1_22' title='bbox 632 713 765 783; x_wconf 87' lang='lat' dir='ltr'>eodem</span> <span class='ocrx_word' id='word_1_23' title='bbox 782 711 999 783; x_wconf 83' lang='lat' dir='ltr'>laudassem.</span> <span class='ocrx_word' id='word_1_24' title='bbox 1028 715 1072 781; x_wconf 80' lang='lat' dir='ltr'>Et</span> 
     </span>
     <span class='ocr_line' id='line_1_4' title="bbox 75 827 1071 930; baseline -0.004 -28"><span class='ocrx_word' id='word_1_25' title='bbox 75 834 123 903; x_wconf 87' lang='lat' dir='ltr'>hae</span> <span class='ocrx_word' id='word_1_26' title='bbox 137 833 293 930; x_wconf 88' lang='lat' dir='ltr'>quidem</span> <span class='ocrx_word' id='word_1_27' title='bbox 320 832 599 903; x_wconf 90' lang='lat' dir='ltr'>observationes</span> <span class='ocrx_word' id='word_1_28' title='bbox 623 844 709 927; x_wconf 86' lang='lat' dir='ltr'>post</span> <span class='ocrx_word' id='word_1_29' title='bbox 734 827 968 927; x_wconf 86' lang='lat' dir='ltr'>Sepulchreti</span> <span class='ocrx_word' id='word_1_30' title='bbox 995 827 1071 907; x_wconf 82' lang='lat' dir='ltr'>edi-</span> 
     </span>
     <span class='ocr_line' id='line_1_5' title="bbox 74 946 1070 1047; baseline -0.006 -26"><span class='ocrx_word' id='word_1_31' title='bbox 74 950 207 1021; x_wconf 82' lang='lat' dir='ltr'>tionem</span> <span class='ocrx_word' id='word_1_32' title='bbox 224 948 380 1021; x_wconf 88' lang='lat' dir='ltr'>alteram</span> <span class='ocrx_word' id='word_1_33' title='bbox 395 946 629 1047; x_wconf 69' lang='lat' dir='ltr'>prodierunt·</span> <span class='ocrx_word' id='word_1_34' title='bbox 643 952 736 1018; x_wconf 85' lang='lat' dir='ltr'><strong>Ante</strong></span> <span class='ocrx_word' id='word_1_35' title='bbox 749 948 849 1017; x_wconf 88' lang='lat' dir='ltr'>illam</span> <span class='ocrx_word' id='word_1_36' title='bbox 860 962 984 1043; x_wconf 83' lang='lat' dir='ltr'>autem</span> <span class='ocrx_word' id='word_1_37' title='bbox 995 970 1070 1017; x_wconf 88' lang='lat' dir='ltr'>una</span> 
     </span>
     <span class='ocr_line' id='line_1_6' title="bbox 75 1064 1071 1164; baseline 0.002 -31"><span class='ocrx_word' id='word_1_38' title='bbox 75 1067 162 1137; x_wconf 87' lang='lat' dir='ltr'>inter</span> <span class='ocrx_word' id='word_1_39' title='bbox 180 1081 350 1154; x_wconf 86' lang='lat' dir='ltr'>caeteras,</span> <span class='ocrx_word' id='word_1_40' title='bbox 370 1069 410 1136; x_wconf 90' lang='lat' dir='ltr'>in</span> <span class='ocrx_word' id='word_1_41' title='bbox 436 1092 508 1164; x_wconf 89' lang='lat' dir='ltr'>qua</span> <span class='ocrx_word' id='word_1_42' title='bbox 537 1067 604 1136; x_wconf 84' lang='lat' dir='ltr'>etsi</span> <span class='ocrx_word' id='word_1_43' title='bbox 630 1066 824 1163; x_wconf 78' lang='lat' dir='ltr'>apoplexia</span> <span class='ocrx_word' id='word_1_44' title='bbox 841 1064 888 1135; x_wconf 86' lang='lat' dir='ltr'>ab</span> <span class='ocrx_word' id='word_1_45' title='bbox 918 1083 1071 1138; x_wconf 84' lang='lat' dir='ltr'>externa</span> 
     </span>
     <span class='ocr_line' id='line_1_7' title="bbox 76 1181 1071 1281; baseline 0.001 -28"><span class='ocrx_word' id='word_1_46' title='bbox 76 1207 173 1255; x_wconf 85' lang='lat' dir='ltr'>causa</span> <span class='ocrx_word' id='word_1_47' title='bbox 188 1181 283 1272; x_wconf 80' lang='lat' dir='ltr'>fuit,</span> <span class='ocrx_word' id='word_1_48' title='bbox 300 1182 350 1254; x_wconf 88' lang='lat' dir='ltr'>ob</span> <span class='ocrx_word' id='word_1_49' title='bbox 374 1182 470 1254; x_wconf 91' lang='lat' dir='ltr'>hanc</span> <span class='ocrx_word' id='word_1_50' title='bbox 499 1197 624 1253; x_wconf 83' lang='lat' dir='ltr'>tamen</span> <span class='ocrx_word' id='word_1_51' title='bbox 642 1183 760 1279; x_wconf 86' lang='lat' dir='ltr'>ipsam</span> <span class='ocrx_word' id='word_1_52' title='bbox 778 1181 890 1281; x_wconf 83' lang='lat' dir='ltr'>digna</span> <span class='ocrx_word' id='word_1_53' title='bbox 911 1199 966 1254; x_wconf 86' lang='lat' dir='ltr'>est</span> <span class='ocrx_word' id='word_1_54' title='bbox 989 1208 1071 1279; x_wconf 81' lang='lat' dir='ltr'>quae</span> 
     </span>
     <span class='ocr_line' id='line_1_8' title="bbox 77 1298 1072 1398; baseline 0 -29"><span class='ocrx_word' id='word_1_55' title='bbox 77 1298 220 1371; x_wconf 89' lang='lat' dir='ltr'>minime</span> <span class='ocrx_word' id='word_1_56' title='bbox 230 1301 546 1398; x_wconf 74' lang='lat' dir='ltr'>praetermittatur.</span> <span class='ocrx_word' id='word_1_57' title='bbox 559 1301 652 1389; x_wconf 88' lang='lat' dir='ltr'>Quis</span> <span class='ocrx_word' id='word_1_58' title='bbox 663 1301 763 1371; x_wconf 89' lang='lat' dir='ltr'>enim</span> <span class='ocrx_word' id='word_1_59' title='bbox 774 1298 878 1369; x_wconf 87' lang='lat' dir='ltr'>facile</span> <span class='ocrx_word' id='word_1_60' title='bbox 890 1315 1072 1396; x_wconf 86' lang='lat' dir='ltr'>putasset,</span> 
     </span>
     <span class='ocr_line' id='line_1_9' title="bbox 76 1396 1071 1515; baseline 0 -28"><span class='ocrx_word' id='word_1_61' title='bbox 76 1433 248 1515; x_wconf 83' lang='lat' dir='ltr'>agrestem</span> <span class='ocrx_word' id='word_1_62' title='bbox 274 1442 435 1515; x_wconf 85' lang='lat' dir='ltr'>puerum</span> <span class='ocrx_word' id='word_1_63' title='bbox 452 1416 500 1487; x_wconf 90' lang='lat' dir='ltr'>ab</span> <span class='ocrx_word' id='word_1_64' title='bbox 529 1396 624 1487; x_wconf 86' lang='lat' dir='ltr'>irato</span> <span class='ocrx_word' id='word_1_65' title='bbox 650 1416 907 1513; x_wconf 82' lang='lat' dir='ltr'>ludimagistro</span> <span class='ocrx_word' id='word_1_66' title='bbox 932 1417 1071 1487; x_wconf 86' lang='lat' dir='ltr'>vertic&#39;e</span> 
     </span>
     <span class='ocr_line' id='line_1_10' title="bbox 77 1534 1071 1630; baseline -0.004 -26"><span class='ocrx_word' id='word_1_67' title='bbox 77 1534 318 1630; x_wconf 87' lang='lat' dir='ltr'>prehensum,</span> <span class='ocrx_word' id='word_1_68' title='bbox 335 1549 372 1605; x_wconf 90' lang='lat' dir='ltr'>et</span> <span class='ocrx_word' id='word_1_69' title='bbox 388 1536 500 1606; x_wconf 84' lang='lat' dir='ltr'>celeri</span> <span class='ocrx_word' id='word_1_70' title='bbox 516 1550 637 1605; x_wconf 88' lang='lat' dir='ltr'>tractu</span> <span class='ocrx_word' id='word_1_71' title='bbox 653 1559 740 1604; x_wconf 88' lang='lat' dir='ltr'>cum</span> <span class='ocrx_word' id='word_1_72' title='bbox 758 1535 920 1630; x_wconf 86' lang='lat' dir='ltr'>impetu,</span> <span class='ocrx_word' id='word_1_73' title='bbox 937 1547 974 1604; x_wconf 90' lang='lat' dir='ltr'>et</span> <span class='ocrx_word' id='word_1_74' title='bbox 990 1556 1071 1603; x_wconf 93' lang='lat' dir='ltr'>suc-</span> 
     </span>
     <span class='ocr_line' id='line_1_11' title="bbox 77 1650 1070 1750; baseline -0.001 -32"><span class='ocrx_word' id='word_1_75' title='bbox 77 1673 174 1722; x_wconf 91' lang='lat' dir='ltr'>cussu</span> <span class='ocrx_word' id='word_1_76' title='bbox 191 1651 362 1748; x_wconf 90' lang='lat' dir='ltr'>quodam</span> <span class='ocrx_word' id='word_1_77' title='bbox 379 1650 427 1720; x_wconf 92' lang='lat' dir='ltr'>ad</span> <span class='ocrx_word' id='word_1_78' title='bbox 452 1676 490 1722; x_wconf 89' lang='lat' dir='ltr'>se</span> <span class='ocrx_word' id='word_1_79' title='bbox 513 1667 682 1750; x_wconf 85' lang='lat' dir='ltr'>raptum,</span> <span class='ocrx_word' id='word_1_80' title='bbox 699 1650 749 1720; x_wconf 91' lang='lat' dir='ltr'>ob</span> <span class='ocrx_word' id='word_1_81' title='bbox 776 1650 813 1719; x_wconf 90' lang='lat' dir='ltr'>id</span> <span class='ocrx_word' id='word_1_82' title='bbox 833 1675 953 1721; x_wconf 89' lang='lat' dir='ltr'>unum</span> <span class='ocrx_word' id='word_1_83' title='bbox 981 1673 1070 1745; x_wconf 92' lang='lat' dir='ltr'>apo-</span> 
     </span>
     <span class='ocr_line' id='line_1_12' title="bbox 77 1756 1072 1866; baseline -0.001 -30"><span class='ocrx_word' id='word_1_84' title='bbox 77 1768 266 1862; x_wconf 87' lang='lat' dir='ltr'>plecticum</span> <span class='ocrx_word' id='word_1_85' title='bbox 278 1765 417 1839; x_wconf 86' lang='lat' dir='ltr'>factum</span> <span class='ocrx_word' id='word_1_86' title='bbox 426 1769 490 1853; x_wconf 84' lang='lat' dir='ltr'>iri,</span> <span class='ocrx_word' id='word_1_87' title='bbox 505 1756 661 1839; x_wconf 87' lang='lat' dir='ltr'>etnocte</span> <span class='ocrx_word' id='word_1_88' title='bbox 672 1769 841 1866; x_wconf 83' lang='lat' dir='ltr'>proxima</span> <span class='ocrx_word' id='word_1_89' title='bbox 851 1767 1072 1837; x_wconf 79' lang='lat' dir='ltr'>obiturum?</span> 
     </span>
     <span class='ocr_line' id='line_1_13' title="bbox 76 1874 1069 1982; baseline 0 -30"><span class='ocrx_word' id='word_1_90' title='bbox 76 1883 273 1982; x_wconf 84' lang='lat' dir='ltr'>Slevogtius</span> <span class='ocrx_word' id='word_1_91' title='bbox 291 1883 303 1927; x_wconf 65' lang='lat' dir='ltr'><strong><em>s</em></strong></span> <span class='ocrx_word' id='word_1_92' title='bbox 311 1883 344 1979; x_wconf 84' lang='lat'>1)</span> <span class='ocrx_word' id='word_1_93' title='bbox 363 1900 487 1954; x_wconf 88' lang='lat' dir='ltr'>tamen</span> <span class='ocrx_word' id='word_1_94' title='bbox 504 1884 614 1971; x_wconf 84' lang='lat' dir='ltr'>vidit,</span> <span class='ocrx_word' id='word_1_95' title='bbox 632 1874 857 1981; x_wconf 81' lang='lat' dir='ltr'>causamque</span> <span class='ocrx_word' id='word_1_96' title='bbox 875 1883 1069 1980; x_wconf 87' lang='lat' dir='ltr'>comperit.</span> 
     </span>
     <span class='ocr_line' id='line_1_14' title="bbox 79 2000 1152 2100; baseline 0.002 -31"><span class='ocrx_word' id='word_1_97' title='bbox 79 2002 209 2073; x_wconf 87' lang='lat' dir='ltr'>Scilicet</span> <span class='ocrx_word' id='word_1_98' title='bbox 227 2003 268 2071; x_wconf 91' lang='lat' dir='ltr'>in</span> <span class='ocrx_word' id='word_1_99' title='bbox 277 2000 468 2100; x_wconf 88' lang='lat' dir='ltr'>prehenso</span> <span class='ocrx_word' id='word_1_100' title='bbox 479 2003 616 2072; x_wconf 89' lang='lat' dir='ltr'>vertice</span> <span class='ocrx_word' id='word_1_101' title='bbox 634 2003 887 2098; x_wconf 85' lang='lat' dir='ltr'>perieranium</span> <span class='ocrx_word' id='word_1_102' title='bbox 900 2002 1072 2099; x_wconf 84' lang='lat' dir='ltr'>aperius·</span> <span class='ocrx_word' id='word_1_103' title='bbox 1148 2016 1152 2023; x_wconf 84' lang='grc'><em>“</em></span> 
     </span>
     <span class='ocr_line' id='line_1_15' title="bbox 79 2118 1072 2214; baseline 0 -29"><span class='ocrx_word' id='word_1_104' title='bbox 79 2118 122 2187; x_wconf 88' lang='lat' dir='ltr'>tio</span> <span class='ocrx_word' id='word_1_105' title='bbox 137 2119 329 2205; x_wconf 85' lang='lat' dir='ltr'>avulsum,</span> <span class='ocrx_word' id='word_1_106' title='bbox 354 2121 575 2213; x_wconf 82' lang='lat' dir='ltr'>sanguinem</span> <span class='ocrx_word' id='word_1_107' title='bbox 592 2140 662 2214; x_wconf 91' lang='lat' dir='ltr'>per</span> <span class='ocrx_word' id='word_1_108' title='bbox 683 2118 901 2187; x_wconf 87' lang='lat' dir='ltr'>crassiorem</span> <span class='ocrx_word' id='word_1_109' title='bbox 926 2118 1072 2187; x_wconf 88' lang='lat' dir='ltr'>menin-</span> 
     </span>
     <span class='ocr_line' id='line_1_16' title="bbox 80 2232 1073 2331; baseline 0.002 -28"><span class='ocrx_word' id='word_1_110' title='bbox 80 2257 151 2331; x_wconf 83' lang='lat' dir='ltr'>gem</span> <span class='ocrx_word' id='word_1_111' title='bbox 163 2235 235 2305; x_wconf 90' lang='lat' dir='ltr'>late</span> <span class='ocrx_word' id='word_1_112' title='bbox 248 2258 476 2331; x_wconf 82' lang='lat' dir='ltr'>expansum,</span> <span class='ocrx_word' id='word_1_113' title='bbox 493 2236 529 2304; x_wconf 85' lang='lat' dir='ltr'>et</span> <span class='ocrx_word' id='word_1_114' title='bbox 547 2259 592 2304; x_wconf 85' lang='lat' dir='ltr'>ex</span> <span class='ocrx_word' id='word_1_115' title='bbox 606 2235 701 2304; x_wconf 89' lang='lat' dir='ltr'>vasis</span> <span class='ocrx_word' id='word_1_116' title='bbox 718 2259 800 2329; x_wconf 82' lang='lat' dir='ltr'>quae</span> <span class='ocrx_word' id='word_1_117' title='bbox 812 2232 910 2304; x_wconf 91' lang='lat' dir='ltr'>hanc</span> <span class='ocrx_word' id='word_1_118' title='bbox 927 2233 975 2304; x_wconf 90' lang='lat' dir='ltr'>ad</span> <span class='ocrx_word' id='word_1_119' title='bbox 989 2233 1073 2305; x_wconf 91' lang='lat' dir='ltr'>sub·</span> 
     </span>
    </p>
   </div>
   <div class='ocr_carea' id='block_1_3' title="bbox 77 2349 1075 3031">
    <p class='ocr_par' dir='ltr' id='par_1_3' title="bbox 77 2349 1075 3031">
     <span class='ocr_line' id='line_1_17' title="bbox 77 2349 1075 2449; baseline -0.002 -28"><span class='ocrx_word' id='word_1_120' title='bbox 77 2350 161 2445; x_wconf 87' lang='lat' dir='ltr'>jecta</span> <span class='ocrx_word' id='word_1_121' title='bbox 176 2353 351 2449; x_wconf 84' lang='lat' dir='ltr'>alligant,</span> <span class='ocrx_word' id='word_1_122' title='bbox 378 2349 556 2447; x_wconf 85' lang='lat' dir='ltr'>disruptis</span> <span class='ocrx_word' id='word_1_123' title='bbox 584 2353 730 2447; x_wconf 91' lang='lat' dir='ltr'>copiam</span> <span class='ocrx_word' id='word_1_124' title='bbox 755 2352 945 2448; x_wconf 82' lang='lat' dir='ltr'>sanguinis</span> <span class='ocrx_word' id='word_1_125' title='bbox 974 2352 1075 2425; x_wconf 87' lang='lat' dir='ltr'>intra</span> 
     </span>
     <span class='ocr_line' id='line_1_18' title="bbox 79 2464 1072 2564; baseline 0.003 -29"><span class='ocrx_word' id='word_1_126' title='bbox 79 2466 174 2539; x_wconf 92' lang='lat' dir='ltr'>lobos</span> <span class='ocrx_word' id='word_1_127' title='bbox 182 2466 330 2539; x_wconf 87' lang='lat' dir='ltr'>cerebri</span> <span class='ocrx_word' id='word_1_128' title='bbox 339 2468 378 2537; x_wconf 90' lang='lat' dir='ltr'>in</span> <span class='ocrx_word' id='word_1_129' title='bbox 390 2467 620 2538; x_wconf 81' lang='lat' dir='ltr'>ventriculos</span> <span class='ocrx_word' id='word_1_130' title='bbox 630 2491 751 2563; x_wconf 87' lang='lat' dir='ltr'>usque</span> <span class='ocrx_word' id='word_1_131' title='bbox 766 2464 927 2539; x_wconf 84' lang='lat' dir='ltr'>effusum</span> <span class='ocrx_word' id='word_1_132' title='bbox 938 2467 1072 2564; x_wconf 90' lang='lat' dir='ltr'>depre-</span> 
     </span>
     <span class='ocr_line' id='line_1_19' title="bbox 79 2582 1073 2682; baseline 0.003 -31"><span class='ocrx_word' id='word_1_133' title='bbox 79 2582 206 2655; x_wconf 90' lang='lat' dir='ltr'>hendit.</span> <span class='ocrx_word' id='word_1_134' title='bbox 223 2583 348 2655; x_wconf 88' lang='lat' dir='ltr'>Habes</span> <span class='ocrx_word' id='word_1_135' title='bbox 362 2585 476 2682; x_wconf 85' lang='lat' dir='ltr'>igitur</span> <span class='ocrx_word' id='word_1_136' title='bbox 484 2582 582 2653; x_wconf 90' lang='lat' dir='ltr'>hanc</span> <span class='ocrx_word' id='word_1_137' title='bbox 593 2606 746 2680; x_wconf 88' lang='lat' dir='ltr'>quoque</span> <span class='ocrx_word' id='word_1_138' title='bbox 764 2585 1014 2677; x_wconf 77' lang='lat' dir='ltr'>accessionem</span> <span class='ocrx_word' id='word_1_139' title='bbox 1024 2584 1073 2654; x_wconf 87' lang='lat' dir='ltr'>ad</span> 
     </span>
     <span class='ocr_line' id='line_1_20' title="bbox 80 2698 1069 2798; baseline 0.002 -31"><span class='ocrx_word' id='word_1_140' title='bbox 80 2699 132 2769; x_wconf 89' lang='lat' dir='ltr'>illa</span> <span class='ocrx_word' id='word_1_141' title='bbox 147 2726 227 2798; x_wconf 85' lang='lat' dir='ltr'>quae</span> <span class='ocrx_word' id='word_1_142' title='bbox 257 2700 304 2770; x_wconf 91' lang='lat' dir='ltr'>de</span> <span class='ocrx_word' id='word_1_143' title='bbox 325 2701 527 2797; x_wconf 87' lang='lat' dir='ltr'>sanguinea</span> <span class='ocrx_word' id='word_1_144' title='bbox 553 2699 747 2798; x_wconf 83' lang='lat' dir='ltr'>apoplexia</span> <span class='ocrx_word' id='word_1_145' title='bbox 774 2700 963 2797; x_wconf 87' lang='lat' dir='ltr'>pollicitus</span> <span class='ocrx_word' id='word_1_146' title='bbox 991 2698 1069 2770; x_wconf 86' lang='lat' dir='ltr'>fue-</span> 
     </span>
     <span class='ocr_line' id='line_1_21' title="bbox 79 2814 1071 2916; baseline 0.004 -32"><span class='ocrx_word' id='word_1_147' title='bbox 79 2840 157 2886; x_wconf 90' lang='lat' dir='ltr'>ram.</span> <span class='ocrx_word' id='word_1_148' title='bbox 169 2822 217 2888; x_wconf 90' lang='lat' dir='ltr'>Ea</span> <span class='ocrx_word' id='word_1_149' title='bbox 228 2818 258 2888; x_wconf 90' lang='lat' dir='ltr'>si</span> <span class='ocrx_word' id='word_1_150' title='bbox 268 2816 468 2914; x_wconf 80' lang='lat' dir='ltr'>tibiaeque</span> <span class='ocrx_word' id='word_1_151' title='bbox 478 2817 621 2888; x_wconf 89' lang='lat' dir='ltr'>inutilia</span> <span class='ocrx_word' id='word_1_152' title='bbox 631 2872 648 2916; x_wconf 19' lang='grc' dir='ltr'>,Ι</span> <span class='ocrx_word' id='word_1_153' title='bbox 657 2842 780 2914; x_wconf 88' lang='lat' dir='ltr'>neque</span> <span class='ocrx_word' id='word_1_154' title='bbox 793 2817 936 2913; x_wconf 87' lang='lat' dir='ltr'>ingrata</span> <span class='ocrx_word' id='word_1_155' title='bbox 948 2814 1071 2904; x_wconf 84' lang='lat' dir='ltr'>fuisse,</span> 
     </span>
     <span class='ocr_line' id='line_1_22' title="bbox 81 2932 1068 3031; baseline 0 -31"><span class='ocrx_word' id='word_1_156' title='bbox 81 2932 300 3020; x_wconf 82' lang='lat' dir='ltr'>intellexero,</span> <span class='ocrx_word' id='word_1_157' title='bbox 309 2933 467 3004; x_wconf 86' lang='lat' dir='ltr'>alacrius</span> <span class='ocrx_word' id='word_1_158' title='bbox 476 2933 709 3030; x_wconf 78' lang='lat' dir='ltr'>deincepsatl</span> <span class='ocrx_word' id='word_1_159' title='bbox 719 2934 790 3004; x_wconf 85' lang='lat' dir='ltr'>alia</span> <span class='ocrx_word' id='word_1_160' title='bbox 799 2933 1068 3031; x_wconf 80' lang='lat' dir='ltr'>pergamVale.</span> 
     </span>
    </p>
   </div>
   <div class='ocr_carea' id='block_1_4' title="bbox 111 3247 602 3323">
    <p class='ocr_par' dir='ltr' id='par_1_4' title="bbox 111 3247 602 3323">
     <span class='ocr_line' id='line_1_23' title="bbox 111 3247 602 3323; baseline 0.008 -22"><span class='ocrx_word' id='word_1_161' title='bbox 111 3247 149 3323; x_wconf 81' lang='lat' dir='ltr'>(i)</span> <span class='ocrx_word' id='word_1_162' title='bbox 169 3250 246 3305; x_wconf 83' lang='lat' dir='ltr'>Diss.</span> <span class='ocrx_word' id='word_1_163' title='bbox 265 3248 301 3303; x_wconf 86' lang='lat' dir='ltr'>de</span> <span class='ocrx_word' id='word_1_164' title='bbox 317 3250 402 3305; x_wconf 85' lang='lat' dir='ltr'>Dura</span> <span class='ocrx_word' id='word_1_165' title='bbox 415 3253 510 3307; x_wconf 87' lang='lat' dir='ltr'>Matre</span> <span class='ocrx_word' id='word_1_166' title='bbox 526 3256 541 3322; x_wconf 72' lang='lat'><strong>5</strong></span> <span class='ocrx_word' id='word_1_167' title='bbox 576 3258 602 3317; x_wconf 73' lang='lat' dir='ltr'>l.</span> 
     </span>
    </p>
   </div>
   <div class='ocr_carea' id='block_1_5' title="bbox 0 0 1397 4666">
    <p class='ocr_par' dir='ltr' id='par_1_5' title="bbox 0 0 1397 4666">
     <span class='ocr_line' id='line_1_24' title="bbox 0 0 1397 4666; baseline 0 0"><span class='ocrx_word' id='word_1_168' title='bbox 0 0 1397 4666; x_wconf 95' lang='lat' dir='ltr'> </span> 
     </span>
    </p>
   </div>
  </div>
 </body>
</html>
