2784 4668
314 484 379 530 122
475 482 522 529 Im
548 478 694 528 sumnus
718 480 763 527 n·
787 479 912 530 causts
937 480 1147 531 MORBORUM

311 595 509 669 nonnullis
523 593 569 666 ad
589 610 626 667 te
640 594 832 669 mittenda.
852 597 953 685 Quin
970 597 1081 668 etiam
1100 600 1141 668 in
1154 602 1210 670 Jo.
1226 600 1312 670 Wil-

310 713 427 785 helmi
459 712 733 811 Albrechti(1)
761 712 1062 785 observationem
1089 715 1223 804 incidi,
1243 740 1313 812 qua

305 830 379 905 sub
406 832 558 919 cronio,
582 824 668 903 ante
692 856 811 904 annos
834 833 987 931 triginta
1015 833 1217 932 depresso,
1251 833 1311 905 sed
1379 860 1380 887 ³

307 974 504 1047 nunquam
526 946 740 1047 perferam,
761 948 1056 1049 sub'illaesisque
1075 950 1311 1049 meningibus
1379 1040 1380 1043 Ἴ

305 1064 453 1138 foveam
481 1068 522 1137 in
551 1067 710 1139 cerebro
737 1069 883 1140 invenit
908 1094 991 1166 quae
1020 1068 1180 1165 digitum
1204 1065 1312 1139 facile

305 1199 475 1283 caperet,
514 1185 674 1258 notabili
715 1184 929 1257 substantiae
965 1185 1183 1257 medullaris
1217 1207 1311 1255 «con-

306 1317 455 1401 sumpta
478 1304 683 1402 portione:
706 1303 810 1401 quod
834 1328 921 1375 cum
941 1305 1023 1375 sine
1046 1303 1311 1375 dilaceratione
1380 1288 1381 1347 Ὗ

302 1442 478 1492 vasorum
499 1418 800 1519 sanguiferorum
817 1419 899 1492 fieri
925 1446 1004 1492 non
1027 1422 1216 1520 potuerit,
1236 1440 1310 1491 non

304 1534 475 1626 dubitat,
497 1539 718 1637 sanguinem
737 1535 919 1626 effusum,
940 1539 1230 1636 purulentamve
1242 1560 1310 1607 ma·

302 1657 435 1727 teriam
460 1656 539 1726 sola
559 1680 633 1754 ope
657 1669 800 1726 naturae
823 1657 864 1723 in
892 1679 1006 1725 venas
1026 1654 1140 1741 fuisse
1158 1677 1310 1751 resorp-

302 1787 391 1844 tam.
412 1771 484 1842 Sed
503 1793 607 1858 rara,
627 1772 774 1866 inquis,
794 1769 876 1842 haec
893 1786 1002 1859 sunt,
1026 1786 1063 1842 et
1079 1796 1100 1842 a
1119 1773 1310 1842 communi

302 1887 382 1961 fere
402 1889 587 1961 sententia
611 1888 731 1958 aliena
750 1915 757 1956 :
777 1903 918 1985 quotus
943 1890 1044 1959 enim
1069 1891 1233 1986 quisque
1259 1904 1311 1961 est
1382 1882 1383 1967 l

301 2006 559 2095 medicorum,
575 2007 641 2103 qui
655 2002 796 2095 effuso,
809 2007 1068 2103 conclusoque
1079 2008 1180 2077 intra
1192 2008 1309 2104 ipsam

303 2121 449 2195 cerebri
469 2120 716 2194 substantiam
745 2125 945 2220 sanguine,
977 2146 1056 2193 non
1082 2123 1310 2219 pronunciet

213 2293 219 2305 .
302 2265 381 2312 esse
403 2237 645 2313 moriendum
660 2241 783 2323 lBara
802 2264 915 2328 vero,
934 2241 1014 2310 imo
1033 2262 1188 2337 perra-ra
1215 2240 1309 2331 sint,
1383 2260 1384 2285 ³

302 2370 521 2457 quanquam
541 2380 621 2435 nou
644 2358 695 2428 ita
721 2355 879 2428 fortasse
898 2381 982 2427 rara
1000 2372 1112 2445 sunt,
1130 2372 1177 2428 ut
1202 2374 1309 2429 antea

299 2475 478 2576 putabas3
498 2475 586 2545 ideo
603 2500 624 2545 a
641 2474 756 2545 nobis
773 2473 882 2545 decet
901 2476 1213 2564 commemorari,
1231 2500 1309 2547 non

296 2609 341 2667 ut
359 2618 440 2691 quae
460 2593 685 2692 plerumque
701 2592 743 2662 in
757 2591 949 2662 medicina
964 2592 1218 2690 contingunt,
1240 2618 1308 2664 no·
1384 2594 1385 2611 ¹

297 2710 357 2784 bis
377 2713 568 2812 praecipue
590 2708 794 2808 specttnda
809 2733 913 2798 esse,
930 2708 1199 2782 obliviscamur
1214 2737 1224 2798 ;
1244 2708 1309 2783 sed

297 2854 347 2902 ne
365 2854 447 2928 quaa
465 2826 669 2926 aliquando
686 2843 813 2899 tamen
831 2824 1052 2916 factasunt,
1075 2847 1187 2926 posse
1206 2824 1308 2916 fieri,

298 2972 490 3045 negemus.
517 2946 661 3017 Eodem
676 2943 795 3017 ferme
811 2946 971 3018 consilio
990 2945 1196 3017 nonnullas
1216 2944 1307 3016 alibi

297 3066 353 3163 (a)
375 3064 700 3163 apoplecticomm
725 3065 911 3136 sectiones
935 3062 1200 3151 indicavimus,
1230 3064 1306 3133 imo
1383 3130 1385 3133 .

298 3182 390 3260 duas
407 3179 489 3253 fuse
514 3181 804 3280 proposuimus,
832 3181 986 3254 alteram
1007 3197 1195 3268 nostram,
1214 3179 1304 3255 alte-

189 3337 191 3340 <
298 3323 378 3370 ram
403 3298 583 3370 Valsalvae
605 3298 741 3396 ipsius,
762 3322 843 3394 quae
860 3322 941 3369 non
967 3322 1075 3370 secus
1098 3324 1142 3370 ac
1161 3298 1234 3369 alia
1253 3298 1303 3369 le-

293 3416 456 3515 thargici
468 3417 590 3513 pueri,
601 3440 714 3515 quam
725 3420 929 3488 exForesto
940 3417 980 3488 in
991 3416 1239 3514 Sepulchreto
1250 3415 1301 3512 (3)

297 3534 433 3635 habes,
449 3536 671 3624 ostendant,
688 3548 969 3632 nonnunquam
980 3558 1179 3607 occurrere
1197 3537 1237 3606 in
1248 3557 1300 3605 ce·

335 3850 379 3927 (1)
398 3852 471 3909 Obs.
485 3854 575 3907 Anat.
591 3849 670 3906 circa
683 3851 743 3906 duo
757 3851 860 3907 cadav.
876 3855 891 3921 S
926 3853 953 3908 3.

335 3949 381 4026 (a)
402 3952 497 4025 Epist.
512 3952 601 4006 Anat.
620 3950 670 4018 13,
686 3968 716 4003 n.
735 3968 770 4025 19
783 3961 812 4006 et
826 3949 873 4006 25.
982 4035 986 4043 .

338 4051 382 4126 (3)
402 4052 436 4106 L.
456 4068 486 4120 1,
503 4069 526 4106 s.
545 4049 577 4121 3,
595 4049 659 4107 obs·
674 4050 722 4116 34.
