2784 4668
315 409 362 507 78
479 432 527 479 ur
552 429 697 480 sturnos
720 430 765 479 rr
789 427 913 480 crusis
936 426 1147 479 uousoumr

312 547 417 646 piam
429 569 476 617 eo
493 547 701 619 immittunt
717 545 794 644 quo
812 546 967 619 minime
984 543 1163 615 videntur
1174 544 1317 619 immit-

309 678 391 736 tere
403 663 512 762 :quid
522 689 599 736 uon
608 662 833 753 admonitus,
841 663 992 761 alioque
1001 663 1317 769 intentusltlasus

311 764 438 852 autem
454 784 533 880 ipse
550 806 628 853 non
642 781 862 853 absimiliter
875 779 1000 850 illudit
1011 803 1022 866 ;
1034 794 1075 851 ut
1094 801 1182 851 cum
1202 802 1316 878 spon·

260 898 263 905 ’
310 899 378 997 giae
395 898 536 998 quibus
552 922 669 998 sepe,
683 911 814 995 aperto
832 896 982 984 omnio,
1000 894 1150 993 sanguis
1168 895 1316 971 abster-

310 1018 436 1113 gitur,
463 1032 529 1088 aut
550 1014 691 1086 humor
716 1012 958 1101 exhauritur,
984 1011 1317 1099 adhaerentersibi

309 1129 407 1203 forte
424 1131 609 1204 'bestiolas
633 1132 732 1204 inter
756 1127 1077 1229 abstergendum,
1096 1130 1317 1205 exhaurien-

224 1244 226 1248 '
308 1247 475 1346 dumque
486 1247 872 1347 relinquuntlncuria
881 1262 1008 1321 autem
1018 1249 1212 1347 srepius‚ut
1225 1272 1315 1322 oum

205 1453 208 1457 Α
306 1364 454 1453 albida,
470 1382 624 1438 actores
640 1365 765 1462 aliqua
782 1365 905 1439 tenuis
917 1366 1102 1464 polyposa
1119 1370 1315 1442 concretio

307 1508 379 1582 pro
393 1484 579 1555 lumbrico
589 1483 793 1581 accipitur3
805 1506 1001 1581 perrarum
1016 1501 1073 1557 est
1084 1487 1208 1575 euim,
1223 1510 1314 1585 per·

307 1626 383 1700 que
399 1600 572 1689 difficile,
585 1617 633 1673 'ut
649 1625 782 1690 verus,
794 1602 1001 1700 vivensque
1013 1600 1225 1677 lumbricus
1243 1626 1315 1704 per

306 1721 405 1790 viam
418 1742 531 1816 quam
542 1721 630 1791 alias
641 1720 886 1807 memorabo,
903 1721 943 1791 in
964 1721 1087 1800 sinum
1099 1743 1233 1820 *usque
1252 1721 1315 1794 fal·

304 1836 357 1907 cis
380 1853 582 1936 prorepat,
607 1835 674 1911 ubi
699 1862 720 1909 a
740 1842 918 1910 Vsurmro
935 1839 1012 1936 (ι),
1028 1842 1059 1911 si
1084 1856 1208 1912 tamen
1230 1844 1313 1940 ipse

302 1952 417 2041 vidit,
435 1955 492 2050 (ι)
507 1953 621 2027 fuisse
638 1954 761 2028 dictus
779 1971 845 2027 est.
864 1963 938 2029 Aut
956 1974 1044 2031 oum
1066 1959 1221 2055 disjecta
1238 1961 1312 2034 bu·

303 2071 422 2140 moris
439 2073 635 2167 cujusdam
653 2075 809 2144 minima
823 2094 1110 2162 concrementa,
1128 2077 1254 2174 qualia
1272 2081 1314 2150 iu

302 2202 428 2259 uretra
444 2189 544 2259 virili
560 2191 607 2261 ad
625 2207 802 2290 prostatae
819 2192 1004 2290 glandule
1020 2194 1170 2284 oscula,
1190 2197 1312 2270 immo

302 2304 401 2377 intra
416 2323 621 2405 prostatam
633 2311 753 2408 ipsam
768 2334 846 2381 uon
864 2312 979 2383 semel
992 2311 1153 2387 vidimus
1167 2313 1224 2408 (3)
1239 2340 1311 2413 pro

302 2422 446 2531 tabacoi
460 2425 665 2497 humidulis
677 2428 864 2525 granulis,
882 2454 965 2522 quae
975 2430 1126 2518 colore,
1138 2445 1176 2501 et
1188 2427 1312 2505 formu

301 2542 472 2641 apprime
498 2541 694 2629 referunt,
721 2545 869 2612 incaute
893 2540 1110 2616 habentur:
1134 2564 1201 2621 aut
1221 2572 1311 2624 oum

301 2678 346 2728 ex
364 2656 592 2732 frontalibus
610 2659 755 2731 sinibus
778 2686 857 2757 quo
877 2662 1137 2734 tenuissimum
1156 2667 1310 2742 nicotia·

300 2800 358 2850 nae
377 2778 570 2875 pulverem
587 2777 779 2865 involare,
794 2778 855 2850 vel
877 2795 980 2850 certe
999 2783 1176 2880 compelli
1190 2788 1309 2886 exspi·

178 2979 180 2983 .
298 2898 456 2969 rationis
481 2898 540 2984 vi,
562 2920 691 2997 prono
712 2911 838 2968 autem
858 2899 979 2996 capite
1002 2899 1113 2971 etiam
1139 2901 1309 2978 defluere

220 3021 223 3026 ’
298 3012 488 3086 interdum
510 3029 778 3112 potest‚cum‚
797 3014 1090 3113 iuquam‚huuc
1109 3018 1308 3116 pulverem

297 3131 358 3200 vel
381 3155 503 3218 serra,
525 3134 585 3203 vel
606 3133 751 3230 scalpra
775 3132 859 3204 illac
882 3135 922 3204 in
944 3135 1061 3206 cranii
1080 3158 1235 3229 cavum,
1258 3139 1309 3213 ab

298 3249 514 3319 anatomioo
528 3264 718 3322 reserante
740 3249 900 3323 demissa
914 3306 924 3342 ,
943 3253 1147 3326 traducunt
1160 3280 1304 3333 secum.

296 3369 372 3437 Aut
385 3366 549 3464 denique
569 3386 654 3439 eum
674 3369 808 3467 aliquis
824 3387 1028 3469 angustus,
1048 3388 1086 3444 et
1098 3371 1305 3466 flexuosum

296 3507 417 3582 eoque
435 3486 561 3558 miuus
576 3487 858 3561 animadversus
874 3491 1068 3576 cuniculus
1079 3491 1127 3563 ab
1143 3509 1303 3566 externo

334 3771 379 3849 (ι)
399 3771 475 3828 Hist.
490 3772 527 3828 de
538 3772 652 3829 l’Acad.
664 3775 699 3830 Β.
711 3773 764 3831 des
779 3775 845 3850 So,
863 3794 912 3834 an.
933 3795 1019 3850 17⁰0·

337 3869 381 3949 (ι)
401 3872 471 3929 Vid.
485 3873 579 3948 Epist.
595 3882 632 3941 24
641 3916 650 3945 ,
666 3894 696 3930 n.
711 3874 771 3959 233

224 3960 227 3965 ’
337 3970 382 4049 (3)
402 3972 496 4050 Epist.
510 3980 563 4048 44,
581 3993 614 4032 ιι.
631 3993 680 4032 ιο.
