2862 4668
173 592 603 825 nasicas
641 694 1084 826 Lucrnno
1185 654 1206 676 '

436 1004 809 1113 sueton
1183 916 1186 921 ’

128 1367 241 1518 Qun
253 1431 314 1487 duo
330 1432 364 1488 C.
377 1432 508 1488 Lucilius
516 1473 525 1502 ,
539 1442 573 1487 ut
584 1442 628 1487 est
643 1432 724 1507 apud
736 1430 868 1489 Tullium
885 1429 940 1507 (r),
954 1428 1052 1486 dicere
1065 1429 1137 1486 sole·

125 1531 193 1600 bat,
207 1550 245 1585 ea
256 1551 324 1606 quse
334 1533 485 1602 scriberet,
498 1551 592 1607 neque
601 1533 640 1588 ab
648 1533 851 1590 uelocissimo
858 1572 867 1603 ,
879 1549 973 1605 neque
983 1530 1023 1584 ab
1031 1530 1137 1587 doctis·

126 1631 205 1686 sr'mis
220 1633 283 1706 legi
292 1633 385 1702 uelle,
401 1628 509 1688 horum
519 1651 573 1709 ego
585 1632 700 1707 pariter
713 1642 876 1707 utrumque
890 1628 940 1686 hic
953 1630 1096 1700 dicerem,
1110 1626 1137 1685 si

127 1741 158 1785 ut
168 1729 277 1803 juvare
291 1731 448 1806 cupionon
464 1730 702 1804 indoctissimus,
717 1733 758 1788 sic
770 1748 817 1786 me
829 1730 961 1788 vicissim
975 1731 1013 1786 ab
1028 1728 1137 1785 doctis*

127 1830 206 1887 simis
229 1829 368 1904 adjuvari
388 1852 450 1888 non
472 1850 600 1890 averem.
620 1834 689 1889 Duo
709 1833 788 1889 enim
808 1827 881 1888 mihi
897 1832 930 1887 iu
949 1829 996 1886 his
1015 1824 1141 1887 edendis

128 1931 253 2006 Scriptis
265 1930 427 2005 proposui,
443 1932 570 1988 alterum
591 1933 683 2003 illud,
703 1943 737 1988 ut
754 1932 895 1989 studiosae
912 1928 1079 2002 juventuti,
1092 1929 1138 1984 al·

125 2038 223 2085 terum
235 2026 310 2098 hoc,
324 2039 352 2084 et
363 2029 564 2104 praecipuum,
584 2040 618 2086 ut
634 2030 791 2101 omnibus,
809 2029 860 2086 sed
878 2029 1037 2086 doctorum
1051 2045 1137 2085 acce-

126 2129 212 2186 dente
225 2127 353 2201 auxilio,
367 2129 550 2206 prodessem.
565 2130 602 2187 ld
613 2132 701 2205 quale
713 2130 769 2201 sit,
786 2146 821 2187 ex
832 2129 1007 2207 praefatione
1019 2126 1075 2187 hac
1086 2147 1138 2206 ap·

127 2230 256 2305 parebit.

167 2350 195 2388 2.
209 2326 395 2405 Theophilus
406 2326 535 2388 Bonetus
552 2309 592 2387 de
603 2329 718 2387 medica
730 2329 885 2402 facultate,
903 2340 991 2406 atque
1009 2330 1083 2387 adeo
1102 2324 1139 2389 de

127 2431 268 2487 universo
279 2430 436 2487 homiuum
448 2450 558 2508 genere
569 2430 702 2509 egregie,
716 2431 741 2488 si
755 2432 821 2506 quis
837 2431 926 2503 alius,
939 2431 1064 2487 meritus
1076 2441 1137 2504 est,

126 2548 210 2603 cum,
227 2549 307 2586 anno
326 2529 412 2605 1679,
425 2529 519 2587 libros
532 2532 585 2605 qui
599 2531 817 2605 Sepulchretum
830 2532 1036 2589 inscribuntur
1044 2533 1139 2603 ,¹'vul-

126 2631 216 2707 gavit.
242 2630 356 2686 Eorum
382 2630 460 2686 enim
479 2648 554 2704 qnos
578 2631 678 2688 morbi
699 2633 900 2701 sustulerant,
926 2630 1140 2704 dissentiones,

126 2741 277 2806 quotquot
294 2728 410 2805 potuit,
430 2724 588 2806 colligens,
609 2742 637 2786 et
657 2731 689 2785 iu
710 2731 846 2789 ordinem
863 2730 1015 2807 redigens,
1030 2749 1139 2807 corpus

128 2848 162 2887 ex
177 2830 321 2888 omnibus
334 2847 429 2885 unum
445 2829 590 2900 confecit,
609 2840 643 2886 ut
662 2849 728 2905 quae
739 2850 794 2906 per
811 2830 969 2887 innumera
981 2840 1139 2888 auctorum

129 2930 283 2987 volumino
299 2929 438 3004 dlspersae
454 2945 517 2985 non
537 2948 677 3006 magnam
694 2931 859 2989 afferebant
873 2930 1048 3000 utilitatem,
1065 2946 1142 2986 con·

127 3028 253 3103 junctae,
270 3029 474 3104 ordinateque
491 3029 649 3086 maximam
665 3029 818 3087 afferrent.
837 3032 912 3087 Cum
929 3029 1042 3086 editum
1063 3048 1139 3106 opus

127 3131 283 3205 plerisque
295 3129 452 3202 omnibus,
464 3140 499 3185 ut
509 3147 565 3205 par
576 3141 639 3187 erat
647 3173 656 3202 ,
664 3132 878 3208 perplacuisset
885 3130 979 3201 idem,
991 3131 1044 3187 sed
1054 3143 1142 3207 parte

93 3252 95 3261 ’
126 3232 287 3288 minimum
299 3229 385 3286 tertia
394 3230 525 3301 auctius,
538 3230 654 3306 prodiit
664 3249 743 3289 auno
759 3250 834 3304 1700
851 3250 923 3288 cura
938 3241 968 3289 et
980 3231 1081 3289 studio
1093 3235 1141 3290 Jo.

127 3331 235 3389 Jacobi
251 3329 392 3408 Mangeti.
406 3332 450 3387 De
461 3331 517 3387 hac
530 3331 622 3408 igitur
634 3350 709 3403 nos,
730 3343 766 3391 ut
779 3333 924 3411 pleniori,
944 3332 1076 3391 editione
1094 3335 1142 3391 lo-

127 3449 268 3507 quemur.

165 3533 194 3589 3.
209 3531 250 3587 Et
262 3529 395 3606 primum
411 3530 502 3606 siqui
517 3541 586 3588 sunt
597 3530 651 3607 qui
664 3533 820 3608 utriusque
831 3533 952 3591 illorum
964 3533 1123 3592 consilium
1130 3579 1140 3609 ,

127 3631 274 3701 animum,
284 3630 418 3687 laborem
428 3631 544 3708 maguis
556 3630 681 3689 efferant
691 3634 848 3706 laudibus,
864 3653 932 3691 cum
945 3634 993 3691 his
1003 3635 1084 3692 ultro
1096 3635 1140 3692 lla-

127 3731 240 3804 cimus,
258 3739 288 3786 et
304 3729 474 3788 laciendum
485 3749 647 3791 censemus.
660 3732 720 3792 Sed
732 3752 800 3791 cum
814 3734 895 3811 apud
906 3733 1005 3808 viros,
1018 3745 1140 3792 cetero-

164 4030 203 4099 (ι)
222 4031 257 4083 L.
277 4049 312 4094 a,
325 4026 361 4081 de
374 4030 447 4084 Orat.
