2798 4668
195 407 263 454 LIB.
292 407 317 453 1.
345 407 392 452 DE
418 405 554 469 Moums
580 405 737 472 CAPITIS,
762 405 874 456 EPIST.
901 411 965 457 x11.
1018 388 1088 486 607

71 546 96 592 a
119 522 213 592 viris
233 518 456 591 doctissimis
473 519 679 592 indicatum
699 502 774 609 est,
791 521 894 595 hunc
914 526 1027 622 spinae
1042 525 1091 597 af·
1132 573 1134 578 ·

72 637 223 709 fectum
235 662 345 735 posse
357 639 468 709 etiam
481 637 596 708 tribui
606 663 710 735 aquae
720 640 759 708 in
772 640 916 713 cellulis
927 659 1092 743 stagnan-

73 758 128 844 ti,
145 781 229 853 quac
242 779 403 827 crassam
419 757 637 852 meningem
654 757 825 853 plurimae
838 762 999 833 exterius
1014 786 1093 831 am-

72 873 211 962 biunt,
225 875 368 972 pingue
381 873 475 944 illud
489 873 700 961 secundum
710 891 881 946 naturam
900 882 1094 951 continen-

73 1005 158 1078 tes,
175 990 279 1088 quod
298 996 484 1061 viscosum
498 1014 521 1060 a
537 989 727 1062 veteribus
745 992 939 1064 humorem
951 999 1094 1069 vocita-

73 1123 164 1178 tum
184 1131 263 1180 esse
294 1106 370 1177 dixi
391 1105 472 1204 (1);
498 1121 539 1201 nt
557 1106 621 1178 hic
639 1108 796 1187 morbus
821 1104 1020 1207 persimilis
1049 1117 1095 1186 sit

74 1225 247 1322 hydropi
263 1224 470 1324 peritontei.v
487 1224 661 1323 Hydrops
679 1227 800 1314 enim,
818 1228 984 1326 inquies,
995 1233 1094 1329 peri-

73 1343 202 1425 tonaei
213 1366 256 1415 ea
267 1334 349 1439 quac
365 1340 585 1430 circumdat,
599 1343 742 1414 viscera
753 1344 961 1416 introrsum
973 1363 1094 1446 urget,

74 1483 164 1533 non
176 1475 389 1535 extrorsum
402 1458 545 1545 trudit3
564 1482 634 1529 nec
648 1484 697 1530 eae
712 1460 854 1535 cellulae
869 1479 958 1533 sunt
970 1463 1017 1534 ab
1028 1488 1095 1534 an-

76 1578 233 1665 teriori,
248 1576 314 1649 sed
330 1576 566 1673 aposteriori
583 1578 743 1647 maxime
761 1580 899 1650 canalis
909 1580 1096 1652 vertebra-

79 1720 174 1766 rum
194 1708 319 1792 parte,
335 1708 377 1763 ut
398 1695 428 1764 si
446 1706 639 1788 turgeant,
657 1692 815 1765 caudam
836 1699 1012 1791 equinam
1033 1724 1096 1770 ex-

76 1829 250 1885 trorsum
269 1824 458 1908 nequeant
473 1808 714 1905 compellere.
735 1813 782 1899 At
803 1825 846 1880 tu
871 1813 951 1882 noli
969 1830 1095 1887 tamen

78 1929 255 2017 credere,
271 1928 360 1998 huic
377 1927 489 1998 etiam
503 1950 710 2022 aquarum,
728 1941 1001 2027 tumorumque
1020 1935 1095 2003 ori·

77 2043 371 2144 ginialiquaudo
380 2042 506 2115 locum
517 2044 681 2141 aliquem
690 2068 857 2117 essenon
865 2053 1092 2144 posseNam

77 2188 237 2262 perraro
253 2162 423 2260 quidem,
441 2161 508 2234 sed
521 2178 800 2260 nonnunquam
820 2160 969 2254 tamen,
987 2192 1091 2239 com-

78 2284 236 2377 punctis
247 2279 523 2376 ejusdemmodi
534 2281 814 2369 tumorib11S,et
828 2307 925 2379 aqua
938 2285 1091 2377 educta,

79 2399 221 2471 sanitas
237 2401 409 2470 restituta
425 2412 499 2485 est;
517 2412 559 2467 ut
577 2398 617 2466 in
630 2398 695 2467 illo
714 2395 855 2470 infante
875 2425 988 2497 quem
1009 2403 1090 2475 des-

65 2515 194 2587 cribit
209 2531 248 2587 et
256 2517 378 2614 pingit
387 2520 432 2585 Jo
442 2514 626 2586 Moritius
637 2511 884 2587 Hoffmannus
895 2515 959 2612 (a)
971 2521 1090 2615 Cujus

79 2657 221 2731 aquam
236 2633 398 2703 tumoris
416 2633 446 2704 si
466 2656 487 2702 a
503 2631 647 2703 cellulis
672 2630 837 2703 deducas
861 2657 990 2704 crassae
1010 2661 1090 2725 me-

80 2752 207 2849 ningis
225 2750 448 2822 exteriorem
467 2746 599 2820 ladem
615 2747 905 2837 oblinientibus‚
922 2751 962 2820 in
979 2768 1091 2850 partu

82 2867 290 2977 distractis,
311 2868 378 2967 qui
390 2868 425 2938 ei
434 2864 588 2956 infanti,
603 2867 831 2964 complicato
849 2892 1009 2965 corpore
1026 2896 1090 2943 ex·

82 2988 201 3075 eunti,
211 2983 468 3074 difficillimus,
480 3009 552 3056 nec
561 2985 642 3056 sine
653 3008 799 3056 summo
808 2985 952 3057 rustica
961 2991 1090 3062 matris
1148 3034 1151 3037 -

81 3105 190 3193 nisu,
214 3104 445 3200 contigerat3
474 3102 689 3174 verisimilia
719 3100 853 3173 dixisse
880 3104 1088 3178 videberis:

83 3220 180 3291 nihil
190 3221 292 3291 enim
304 3243 415 3318 ‘aeque
425 3245 468 3292 ac
485 3222 674 3318 posterior
685 3219 748 3290 illa
762 3243 850 3317 pars
867 3223 997 3318 spinae,
1007 3249 1090 3320 quae

83 3339 125 3407 in
132 3338 273 3410 lumbis
280 3353 354 3426 est,
373 3337 529 3410 distrahi
540 3339 665 3436 potuit
680 3339 720 3407 in
731 3361 779 3409 eo
790 3335 941 3411 infantis
949 3344 1089 3438 positu3

85 3479 222 3550 quare,
233 3455 332 3526 salva
345 3455 490 3552 reliqua
501 3470 618 3553 parte,
632 3481 677 3526 ex
688 3454 752 3526 illa
763 3454 942 3529 duntaxat
952 3473 1091 3547 tumor,

96 3855 104 3865 .
127 3807 173 3885 (1)
192 3811 231 3865 N.
249 3829 295 3865 ro.
393 3835 394 3838 ¹

130 3925 175 4007 (a)
195 3924 271 4002 Eph.
286 3931 323 3984 N.
341 3929 374 3987 C·
390 3929 462 3987 Dec.
477 3946 511 4002 a,
527 3931 563 3984 A.
579 3928 612 4000 6,
626 3931 690 3987 obs.
704 3930 771 3988 208.
