2862 4668
292 500 343 546 rr
375 496 551 549 ornnun
576 500 604 550 r.
639 499 668 550 a.
703 500 953 554 noncrcnr.
1102 513 1130 584 9

126 630 193 680 suo
211 604 361 683 theatro
380 628 575 712 receperat
591 618 809 714 Mangetus,
827 617 981 716 exponit
1001 632 1038 691 et
1052 643 1130 694 res-

125 726 241 816 tituit,
265 744 304 800 et
318 745 500 828 praeterea
521 731 662 831 ubique
683 733 787 806 addit
808 733 855 806 de
877 760 944 808 suo
968 751 1131 809 annota-

125 842 270 933 tiones,
302 846 420 919 multa
447 847 494 919 de
520 844 708 923 musculis.
737 852 796 922 Sic
823 870 1047 926 consecutus
1072 868 1130 927 est

124 959 364 1034 Moncacnus
374 947 423 1035 ¹ut
439 963 517 1034 haec
531 965 750 1038 Adversaria
762 991 840 1038 non
859 969 982 1040 solum
999 970 1130 1060 utilia,

125 1073 189 1145 sed
206 1077 321 1147 etiam
338 1082 545 1152 necessaria
557 1082 632 1154 sint
641 1084 697 1154 rei
709 1084 925 1156 anatomicae
939 1085 1130 1177 studiosis,

127 1193 193 1289 qui
209 1191 347 1265 eodem
356 1193 503 1269 theatro
515 1211 607 1295 tunc
618 1215 673 1272 sat
683 1199 843 1290 celebri,
857 1226 961 1273 nunc
971 1225 1128 1299 prorsus

128 1307 321 1400 obsoleto,
341 1312 396 1385 uti
409 1311 681 1391 desiderabant
692 1318 741 1390 Iis
753 1342 865 1408 vero,
881 1319 947 1420 qui
962 1317 1128 1414 aliquam

127 1426 371 1525 cupiditatem
403 1429 546 1506 habent
576 1433 759 1507 noscendi
796 1459 913 1510 novas
950 1434 1128 1507 observa-

125 1544 961 1650 tiones,animadversionesqueadanatomen
972 1553 1129 1649 quidem

130 1662 344 1758 praecipue,
365 1660 432 1735 sed
451 1661 611 1737 subinde
634 1668 745 1738 etiam
766 1669 814 1740 ad
841 1668 1067 1766 chirurgiam
1086 1693 1131 1742 ac

127 1777 356 1850 medicinam
376 1794 605 1877 spectantes,
631 1783 727 1856 nihil
743 1785 891 1859 dulcius
907 1810 986 1861 esse
1006 1800 1131 1885 potest

125 1893 260 1968 iisdem
273 1894 502 1970 Adversariis
512 1923 596 1995 quae
612 1900 652 1970 in
672 1899 747 1973 hoc
767 1927 893 1974 rerum
909 1930 1047 2000 genere
1057 1908 1129 1974 mi·

125 2037 211 2084 rum
224 2013 266 2083 in
286 2013 442 2089 modum
460 2014 663 2087 abundant.
681 2019 770 2089 Non
789 2034 845 2091 est
864 2033 987 2091 autem
1006 2019 1128 2091 credi-

127 2130 202 2203 bile
219 2157 335 2230 quam
349 2133 468 2205 multa
483 2150 613 2206 auctor
626 2133 811 2207 dissecare
831 2135 1003 2208 debuerit
1022 2136 1129 2209 cada·

127 2273 215 2322 vera
232 2251 281 2322 ad
304 2249 582 2335 confirmandas
602 2277 624 2323 a
649 2277 687 2324 se
711 2254 923 2351 propositas
953 2254 1129 2353 observa·

128 2368 263 2440 tiones.
283 2369 361 2439 Nec
374 2367 605 2441 mediocrem
615 2393 770 2467 quoque
781 2371 821 2440 in
838 2396 883 2441 eo
898 2356 1128 2467 diligentiam

128 2485 329 2575 adhibuit,
347 2500 390 2557 ut
407 2487 516 2584 operi
534 2485 831 2585 adjungerentur
849 2487 984 2559 tabulae
1000 2502 1129 2560 anato-

130 2603 234 2676 micae
253 2599 392 2675 affabre
411 2603 616 2701 insculptae.
643 2607 688 2674 In
713 2602 889 2676 secundis
901 2588 1129 2679 Adversariis

127 2720 286 2819 adparet
298 2723 471 2819 primum
479 2720 674 2801 utilissima
683 2708 886 2793 methodus
899 2721 1135 2810 summiviri,

130 2863 202 2935 qua
232 2861 347 2936 super
370 2860 503 2908 omnes
530 2838 675 2935 priores
706 2837 888 2908 incisores
911 2856 953 2906 se
976 2836 1133 2926 extulit,

130 2955 209 3027 solo
236 2952 333 3027 forte
367 2970 524 3053 excepto
555 2953 754 3026 Eustachio
776 2976 941 3049 :nempe
971 2970 1050 3022 non
1077 2953 1130 3024 ita

130 3087 256 3171 partes
277 3073 448 3168 corporis
463 3071 620 3143 hnmani
639 3068 837 3157 describit,
855 3082 1034 3166 tanquam
1054 3092 1130 3140 una

130 3205 166 3263 et
185 3204 363 3262 constans
379 3213 506 3259 earum
526 3185 647 3259 forma
668 3201 782 3277 esset,
799 3185 865 3258 se‘d
878 3186 1073 3257 varietates
1089 3186 1131 3256 in

129 3306 287 3379 diversis
300 3304 543 3379 cadaveribus
553 3303 747 3377 adnotatas
757 3291 919 3401 colligit,
934 3324 1131 3400 exqunnu·
1182 3320 1184 3329 ’

130 3450 237 3497 mero
257 3423 575 3496 consentientium
592 3421 849 3520 exemplorum
861 3416 1030 3508 conficit,
1048 3444 1130 3518 quae

130 3541 272 3617 fabrica
291 3567 361 3641 pro
379 3555 559 3613 consueta
572 3538 704 3611 haberi
722 3539 849 3636 possit.
862 3537 984 3609 Tertia
998 3537 1130 3608 adver·

134 3663 226 3732 saria
244 3659 373 3758 plures
398 3682 469 3737 nec
493 3657 594 3729 leves
617 3655 781 3729 historiae
805 3654 949 3752 hepatis
975 3654 1131 3727 Bianchi

131 3801 254 3848 navos
264 3774 477 3849 ostendunt.
493 3778 675 3846 Caeterum
682 3771 927 3845 vixsecundis
936 3772 1131 3869 tertiisque

131 3893 359 3966 Adversariis
374 3893 552 3988 inspectis
567 3889 693 3962 taeduit
704 3889 923 3977 Bianchum,
934 3888 1132 3959 vehemen-

130 4025 259 4113 terque
284 4009 481 4110 poenituit,
498 4007 603 4106 quod
623 4010 874 4082 Moneacnurc
895 4001 1132 4097 offendisset,
