2862 4668
267 462 338 512 ua.
365 463 391 510 ι.
417 460 948 525 nn·nonn1scir1r1s,rrrsr.
974 463 1001 511 1.
1092 440 1139 537 75

126 574 232 647 illins
251 575 353 658 ovis,
367 589 474 647 'certe
491 572 612 647 multo
632 575 759 646 minor
777 576 907 649 nostra
930 572 1060 649 fnisset
1076 576 1142 649 ad·

126 693 303 782 miratio,
323 714 437 790 qum
452 717 540 764 curn
558 707 616 765 tot
633 691 793 790 legimus
817 690 993 766 collectas
1017 697 1058 766 in
1077 697 1143 770 Se·

126 807 408 909 pulchreto(1)
431 808 624 898 historias,
646 808 853 882 lumbricos
873 810 1042 910 aliosque
1060 836 1142 886 ver-

125 950 233 1015 mes,
246 928 430 1016 cimices,
453 942 511 1013 et,
531 928 562 1000 si
581 929 733 1026 Superis
748 926 894 1026 placet,
920 931 1143 1027 scorpiones
1255 984 1257 987 v

14 1144 16 1149 ι
120 1042 229 1115 'intra
253 1041 446 1132 hnmana,
467 1044 674 1116 secundum
704 1058 877 1115 naturam
907 1044 1077 1144 undique
1102 1070 1142 1121 se

124 1157 337 1248 habentia,
353 1160 482 1231 crania
500 1175 764 1258 proponentes
782 1159 831 1237 ab
846 1148 968 1260 iisque
990 1162 1143 1239 dolores

123 1277 266 1375 capilis
289 1291 513 1374 repetentes.
545 1276 617 1348 Sed
636 1277 714 1350 aliae
743 1276 925 1365 testibus,
946 1278 1025 1349 aiiae
1055 1279 1141 1351 dili·

123 1394 317 1492 gentiori,
334 1417 412 1490 quo
428 1417 526 1492 opus
544 1391 686 1484 fuerat,
706 1411 836 1467 carent
856 1396 1029 1467 examine
1040 1450 1050 1483 ,
1062 1396 1142 1469 aliae

123 1509 157 1582 si
181 1533 273 1583 curn
301 1507 407 1582 libris
428 1510 531 1582 unde
553 1525 712 1609 sumptae
732 1526 844 1598 sunt,
872 1509 1140 1605 conferantur,

123 1627 200 1699 clio
233 1642 404 1729 spectare
432 1627 725 1727 intelliguntur,
753 1629 855 1702 velut
892 1628 957 1700 itta
985 1653 1068 1726 qnae
1097 1655 1142 1702 ex

124 1749 319 1817 annnmo
331 1744 385 1842 (a)
395 1744 731 1844 producitur.Nam
747 1747 778 1818 si
788 1746 915 1818 iocum
923 1745 1023 1844 apud
1043 1746 1141 1821 hanc

127 1862 329 1961 perlegas,
358 1866 503 1960 quoin
530 1862 616 1934 loco
646 1861 919 1951 describendo,
936 1865 1142 1960 praesertim

123 1979 224 2053 adeo
242 1979 373 2070 brevi,
389 1980 577 2054 nonnulla
593 1982 751 2052 minime
773 1979 981 2052 omittenda
1003 1982 1142 2081 omissa

125 2096 355 2187 miraberis,
374 2122 506 2172 eorum
531 2113 658 2173 autem
674 2125 763 2198 quae
787 2099 961 2198 proxime
989 2116 1139 2173 antece·

125 2216 256 2306 dunt,
286 2219 509 2291 sententiam
535 2218 568 2289 si
591 2215 742 2289 medica
770 2216 878 2317 lance
904 2217 1140 2316 perpendas,

123 2331 236 2408 facile
255 2358 453 2434 agnosces,
470 2359 617 2407 vermes
636 2333 721 2407 illos
734 2333 833 2408 duos
848 2348 951 2407 extra
968 2336 1138 2408 cranium

122 2453 305 2525 inventos
329 2477 409 2553 esse
434 2452 474 2525 in
501 2453 582 2526 nasi
601 2451 823 2526 recessibus.
851 2456 895 2522 In
915 2452 1054 2550 quibus
1081 2454 1138 2526 vi·
1169 2502 1170 2511 κ

123 2572 223 2645 xisse
245 2586 285 2644 et
310 2570 405 2643 alios
421 2624 432 2662 ,
450 2554 548 2644 alios
572 2595 664 2643 vero
688 2596 708 2644 e
736 2570 948 2643 ventriculo
972 2571 1013 2641 in
1046 2569 1137 2642 dor-

121 2690 279 2765 mientis
294 2713 404 2763 nares
421 2689 614 2789 irrepsisse
635 2712 767 2762 eorum
780 2687 989 2776 vermium,
1008 2683 1134 2785 quiin

123 2805 283 2881 scholiis
307 2806 355 2878 ad
373 2806 455 2879 illas
478 2805 686 2905 sepulcreti
706 2803 907 2891 historias,
928 2802 1040 2899 ejecti
1064 2827 1134 2903 per

123 2946 261 2996 nasum
277 2937 561 3010 memorantur,
577 2920 845 3000 credibile-est.
864 2924 914 2993 Et
923 2920 964 2990 in
982 2919 1029 2993 iis
1046 2921 1133 3018 qui-

124 3041 212 3115 dem
226 3041 390 3113 ‘narium
414 3038 624 3113 recessibus
648 3039 719 3139 qui
746 3037 926 3112 ironnles
939 3038 1055 3111 >sinus
1077 3038 1135 3111 di-

126 3175 291 3249 cuntur,
311 3180 645 3233 rarnteserescere
671 3154 775 3231 haud
799 3160 886 3228 r'aro
902 3209 914 3247 ,
932 3155 1132 3230 inovibus

123 3277 333 3377 praesertim
345 3291 570 3367 ›.constat,a
596 3272 738 3373 quibus
760 3274 910 3350 irritatas
932 3297 972 3349 se
991 3297 1031 3347 se
1053 3275 1133 3374 agi·

121 3408 203 3469 tent
224 3408 297 3486 μή
314 3395 434 3469 setin
454 3418 498 3468 ea
517 3394 565 3466 de
583 3416 657 3493 qna
672 3392 864 3484 diximus,
877 3391 1039 3466 ¹credere
1060 3391 1131 3465 ali-

122 3516 208 3610 ‚quis
218 3566 230 3604 ,
241 3513 310 3611 qui
327 3537 367 3593 se
384 3513 436 3586 ita
453 3511 814 3586 circumvolventem
836 3523 1027 3599 cerneret,
1043 3523 1130 3583 ante

159 3891 206 3971 (a)
225 3892 307 3951 Stet.
322 3892 380 3951 hec
395 3891 510 3964 ηυδε.
525 3893 581 3955 116
594 3903 699 3972 etseq.

161 3988 207 4069 (a)
224 3992 359 4064 Pathot,
374 3992 395 4050 1.
410 3989 443 4064 5,
455 4012 482 4049 c.
495 4011 531 4065 7,
