2780 4666
197 502 265 551 mr.
293 505 318 551 1.
345 504 393 550 nr
419 501 556 549 nonius
581 498 874 565 cariats,tr1sr.
900 505 935 552 v.
999 474 1068 553 313

71 630 270 713 corrupte,
287 616 363 686 aeri
380 639 588 711 egressum,
608 639 708 684 novo
723 631 866 701 autem,
882 632 918 689 et
935 615 1075 687 salubri

72 730 216 802 aditum
234 732 403 828 aperiret.
415 735 468 800 Ex
481 730 688 828 iisdemque
706 747 794 801 sunt
807 734 873 828 qui
888 756 955 830 per
968 757 1077 829 aspe«

72 872 122 917 rae
139 848 282 917 arteriae
297 848 392 917 viam
409 845 590 939 educant,
605 861 717 942 atque
729 847 910 918 inducant
924 873 1080 945 praescr-¹

73 964 143 1032 tim
162 987 206 1034 ea
215 964 359 1052 ratione
369 988 481 1060 quam
492 966 787 1061 praemonstravit
798 971 854 1035 Jo.
865 964 1078 1062 Alphonsua

73 1078 247 1151 Borellus
263 1079 339 1174 (ι),
354 1079 506 1151 humori
519 1079 691 1152 videlicet
702 1105 843 1177 aquoso
861 1080 1077 1167 admistum,

76 1211 113 1266 et
133 1196 417 1292 quodammodo
443 1196 681 1284 dissolutum,
703 1222 778 1293 qua
799 1198 947 1268 ratione
971 1195 1077 1282 facile

75 1313 115 1382 in
133 1328 319 1400 venas,.et
330 1312 491 1410 lymphae
501 1313 636 1384 ductus
654 1314 801 1410 ingredi
814 1338 939 1410 posse,
958 1312 1078 1383 existi-

76 1444 194 1501 mant.
222 1431 393 1519 Quorum
422 1430 567 1528 aliquos
596 1433 721 1501 mirari
748 1428 871 1518 subit,
898 1431 964 1526 qui
994 1450 1080 1499 cum

78 1546 128 1615 ita
141 1559 180 1616 et
193 1569 262 1642 per
277 1545 496 1642 pulmones,
511 1562 547 1618 et
560 1571 627 1643 per
640 1561 764 1617 cutem
775 1545 990 1632 admittant,
1001 1569 1095 1634 non*

80 1663 223 1759 pariter
240 1687 326 1734 eum
344 1663 476 1759 chylo,
492 1665 531 1734 in
551 1689 628 1761 quo
645 1662 791 1735 ostendi
812 1677 933 1760 potest
948 1660 1082 1732 eodem

80 1778 216 1865 modo,
233 1804 276 1850 ac
292 1782 331 1851 in
356 1783 543 1878 sanguine
557 1781 632 1851 dixi
655 1780 730 1875 (2),
760 1782 911 1851 mistum
933 1779 1082 1866 intime,

83 1894 212 1967 subire
223 1914 450 1994 agnoscant:
468 1899 535 1969 sed
549 1900 645 1968 viam
663 1896 760 1966 hanc
777 1911 841 1967 aut
856 1895 1006 1981 sileant,
1021 1909 1085 1964 aut

85 2012 223 2084 diserte
245 2015 355 2119 etiam
377 2030 526 2112 negent.
545 2012 621 2085 Nee
638 2039 697 2084 me
717 2012 810 2109 fugit
832 2013 990 2084 vicissim
1007 2036 1086 2083 esse

86 2132 152 2225 qui
169 2129 218 2201 ab
240 2129 417 2228 hispane
442 2131 618 2202 omnihus
643 2145 770 2228 aperte
792 2129 1019 2200 dissentiant.
1043 2132 1088 2198 Et

86 2245 192 2341 quod
209 2246 256 2316 ad
275 2248 376 2343 ,ipsos
393 2247 593 2344 pulmones
616 2249 768 2329 attinet,
792 2244 912 2342 probe
934 2245 1089 2315 memini

86 2361 375 2434 celeberrimum
390 2361 583 2434 doctorem
598 2364 749 2449 andire,
766 2386 852 2432 cum
868 2361 1014 2432 deloco
1030 2385 1089 2433 su-

88 2479 239 2577 periore
256 2492 427 2574 negaret,
452 2480 481 2549 si
497 2479 698 2575 pulmones
716 2479 777 2547 vel
797 2479 1090 2567 recentissimos,
1152 2494 1160 2507 ³

89 2596 199 2665 sectis
209 2593 255 2663 ad
271 2592 389 2663 hasim
403 2592 526 2663 eordis
537 2615 669 2663 eorum
684 2593 797 2677 vasis,
811 2593 849 2660 in
863 2612 998 2684 aquam
1014 2618 1090 2665 me·

90 2709 270 2779 diocriter
285 2708 467 2779 calentem
483 2707 680 2792 demissos,
695 2705 815 2777 multo
827 2707 938 2777 etiam
955 2710 1093 2805 magis,

92 2848 209 2923 quam
225 2822 458 2922 frequentior
473 2824 667 2923 inspiratio
681 2822 816 2909 soleat,
829 2820 1018 2912 inflemus,
1034 2826 1094 2897 vel

91 2943 289 3012 minimam
303 2943 397 3013 aeris
411 2941 553 3013 bullam
571 2942 610 3010 in
627 2964 723 3036 aqua
737 2964 935 3038 apparere,
955 2941 1095 3012 indicio

92 3056 415 3146 manifestissimo,
434 3057 538 3129 nulla
547 3059 670 3155 ipsum
681 3081 805 3128 aerem
814 3057 960 3127 ratione
969 3058 1008 3126 in
1018 3059 1100 3155 pul.

93 3200 293 3248 monarem
300 3200 432 3247 venam
443 3174 652 3247 transmitti.
669 3179 811 3246 Verum
827 3188 952 3245 tamen
964 3192 1096 3281 exsquo

95 3294 187 3364 olim
206 3317 292 3363 cum
311 3294 436 3364 amicis
449 3293 602 3365 Venetis
618 3292 750 3379 multa,
771 3307 808 3363 et
827 3292 927 3361 varia
952 3291 998 3361 in
1014 3290 1096 3364 bes·

94 3412 256 3497 tiarum,
273 3424 384 3507 atque
398 3410 597 3482 hominum
612 3409 781 3507 partibus
797 3422 944 3480 tentans
955 3412 1097 3506 experi-

96 3541 246 3613 menta,
261 3524 389 3597 inflato
405 3527 605 3624 pulmone,
628 3527 794 3625 repetitis
811 3526 1035 3623 prasertim,
1061 3542 1098 3597 et

98 3642 242 3714 diutius
265 3643 305 3712 in
324 3667 410 3714 eum
428 3643 641 3741 productis,
664 3667 734 3714 nec
757 3658 883 3714 tamen
907 3642 1101 3729 violentis,

138 3925 182 4003 (1)
202 3928 247 3982 De
261 3927 338 3981 Mot.
354 3928 481 3985 Animal.
496 3931 529 3984 P.
547 3946 582 4000 a,
595 3931 719 4005 Propos.
736 3928 799 3984 113.

140 4022 182 4101 (a)
204 4026 318 4099 Supra,
336 4043 367 4080 n.
383 4025 427 4081 18.
