2780 4666
194 421 287 495 ,na
315 422 340 468 1.
368 420 888 484 nauounscaatrrs,nr1sr.
914 423 948 469 v.
1012 399 1080 495 273

86 535 236 629 guineis
254 532 316 605 hic
337 533 412 603 illic
430 519 579 631 punctis
598 532 902 629 distinguebatur.
922 538 966 603 In
988 538 1084 605 uteri

89 673 181 718 cavo
201 647 345 745 aliquid
367 647 521 718 subflavi
546 647 717 718 humoris
743 649 1081 721 animadvertimus.

88 767 223 860 Neque
242 764 288 834 de
309 765 448 835 ventris
472 764 677 837 visceribus
701 779 869 861 superest
888 766 993 861 quod
1019 766 1085 836 ad-

88 895 290 969 notemus,
307 883 337 952 si
348 880 494 978 hepatis
514 882 672 976 excipias
688 881 891 951 vesiculam
913 881 989 952 bile
1006 898 1085 959 tur,-

88 996 275 1093 gidiorem
291 994 415 1082 fusca,
434 1011 476 1067 ut
486 995 699 1078 videbatur,
718 996 783 1067 sed
793 1021 874 1092 quae
889 997 1015 1068 colore
1027 1000 1086 1068 in-

14 1128 16 1131 ’
91 1112 391 1182 ficeretmaxime
409 1110 527 1200 ssavo,
547 1138 622 1209 quo
640 1127 677 1182 et
694 1114 907 1209 proximum
918 1113 1086 1182 vesiculae

91 1227 314 1299 intestinum
334 1225 446 1297 colon
469 1224 648 1298 infectum
667 1241 754 1297 erat.
776 1231 819 1296 In
839 1251 881 1296 ea
900 1225 1089 1299 hile-con-

91 1344 280 1415 cretiones
303 1357 408 1412 erant
440 1341 609 1438 quaedam
637 1366 783 1436 paucae,
810 1367 1027 1438 parvaeque,
1053 1358 1090 1413 et

93 1459 250 1546 molles,
274 1459 345 1543 nisi
372 1458 475 1553 quod
495 1482 569 1528 una
589 1460 769 1527 tamenin
790 1443 981 1538 calculum
997 1458 1089 1529 den·
1131 1477 1137 1482 '

94 1592 174 1648 sata
188 1590 267 1646 erat
283 1572 455 1660 firmum,
474 1589 510 1644 et
522 1572 675 1661 durum,
693 1572 873 1643 diametro
881 1591 1090 1670 aequantem

94 1695 243 1790 apicem
259 1692 406 1765 minimi
433 1688 557 1787 digiti,
587 1687 782 1784 superficie
812 1690 981 1786 undique
1010 1715 1092 1788 gra-

97 1833 209 1896 nosa,
226 1805 345 1904 figura
358 1821 482 1877 autem
499 1804 677 1889 rotunda,
698 1818 740 1874 ut
756 1830 876 1875 unum
896 1814 941 1877 e'x
956 1808 1008 1878 iis.
1018 1806 1093 1877 bel-

97 1926 200 1996 lariis
222 1921 361 1994 referre
387 1935 535 2019 posset,
562 1946 607 1991 ex
624 1920 812 1991 coriandri
844 1922 1092 2009 semine„in-

99 2042 289 2138 ductoque
325 2037 504 2109 saccharo
537 2039 587 2108 sic
618 2037 778 2133 paratis,
806 2052 849 2108 ut
879 2036 1094 2136 superficies

97 2157 269 2256 asperula
286 2156 352 2242 sit;
369 2155 441 2227 nisi
462 2150 588 2229 colore
605 2149 733 2224 fuisset
745 2154 914 2241 cinereo,
934 2170 970 2223 et
987 2153 1093 2250 quid·

97 2277 185 2346 dam
204 2275 310 2370 quasi
328 2264 506 2370 pellucidi
523 2268 723 2341 habuisset.
745 2274 788 2340 In
809 2270 983 2355 thorace,
1011 2271 1092 2367 pul·

98 2418 163 2463 mo
180 2391 312 2460 dexter
332 2413 467 2484 magna
487 2412 531 2457 ex
544 2401 651 2484 parte
660 2385 713 2469 ad,
725 2387 896 2484 pleuram
910 2370 1094 2475 annexus,

98 2512 139 2580 in
161 2530 309 2579 summo
327 2506 451 2576 autem
460 2505 644 2599 posterius
654 2502 747 2573 adeo
761 2518 959 2600 corruptus
972 2527 1016 2572 ex
1028 2528 1095 2572 an·

99 2627 208 2722 siquo
226 2621 379 2694 fortasse
395 2621 507 2707 vitio,
527 2634 568 2688 ut
588 2618 788 2688 humorem
818 2617 1094 2715 graveolentiam

100 2739 324 2812 effunderet.
346 2740 431 2828 Quo
450 2737 633 2824 absterso,
653 2749 690 2805 et
707 2734 910 2807 visceribus
930 2732 1040 2821 inde,
1061 2747 1097 2803 et

103 2884 148 2929 ex
165 2871 298 2945 ventre
317 2853 512 2941 detractis,
531 2850 608 2922 duo
625 2847 889 2939 animadverti,
910 2864 1096 2946 atqueos·

103 2973 230 3058 tendi,
247 2972 405 3042 alterum
422 2972 462 3039 in
474 2952 771 3067 diaphragmate,
788 2968 997 3045 alterumin
1015 2989 1097 3037 cos-

103 3092 233 3180 tis„et
250 3088 451 3178 vertebris,
471 3111 554 3183 quae
575 3087 720 3157 tametsi
742 3084 789 3156 ad
817 3085 993 3156 morbum
1020 3108 1098 3154 non
1158 3174 1162 3185 ι

103 3209 304 3290 attineant,
333 3219 461 3274 tamen
481 3202 531 3272 ob
559 3206 748 3274 raritatem
774 3202 887 3298 digna
906 3206 992 3274 suut
1019 3224 1100 3299 quae

105 3323 263 3393 minime
280 3320 351 3391 tibi
370 3319 607 3398 reticeantur.
628 3325 671 3389 In
692 3319 970 3417 diaphragmate
997 3333 1114 3399 erant,

106 3439 185 3511 duo
206 3438 376 3535 proxima
387 3435 560 3533 quidem,
579 3436 643 3507 sed
657 3438 756 3509 inter
777 3461 814 3507 se
836 3436 1029 3526 distincta,
1048 3437 1104 3510 fd-

106 3557 254 3645 ramina
270 3553 316 3628 ad
332 3578 445 3624 venas
462 3570 632 3624 eventre
645 3556 684 3623 in
702 3554 902 3636 thoracem
915 3557 1106 3651 trajicien-

108 3673 186 3744 das.
209 3674 304 3760 Nam
331 3676 464 3767 praeter
483 3672 616 3765 majus,
639 3671 743 3767 quod
765 3674 805 3740 in
826 3672 1002 3744 omnihus
1029 3689 1107 3761 est,

109 3789 158 3861 ad
175 3804 353 3859 truncum
369 3788 492 3883 ipsum
512 3812 614 3858 venae
633 3809 736 3856 -cavae
763 3767 1107 3877 transmittendum,

109 3906 271 3979 alterum
293 3927 413 4002 prope
430 3927 537 3977 oram
556 3903 668 3999 primi
688 3906 915 3978 anteriorem
940 3903 1109 4001 patebat,

192 4047 220 4094 1.
728 4033 730 4037 ’
903 4020 944 4089 18
