2862 4668
276 452 329 508 ar
360 458 537 509 ornauit
573 458 600 509 s.
633 458 665 509 n.
699 458 948 511 Monoecus
1075 434 1118 513 13

154 577 244 650 Non
261 588 318 649 est
326 551 586 672 pretereunda
602 572 699 647 illius
713 574 897 661 modestia
914 575 990 649 boc
1010 576 1118 667 loco;

107 718 198 766 nam
230 693 403 790 quamvis
432 714 537 764 suam
564 690 825 789 ingrederetur
858 694 1116 791 provinciam,

108 809 321 910 plurimum
341 824 468 881 tamen
489 809 666 911 severeri
686 808 836 881 dicebat
853 810 1035 908 quidnam
1045 836 1117 910 pro

108 922 295 1025 dignitate
323 925 398 997 loci
423 940 461 998 et
489 927 748 1025 expectatione
776 927 947 1000 omnium
982 925 1117 1000 afferre

108 1059 259 1143 posset,
271 1044 480 1142 prasertim
499 1067 586 1114 cum
606 1044 787 1143 cogitaret
801 1045 991 1118 Andream
1008 1050 1117 1119 Vesa-

109 1158 224 1251 lium,
248 1158 433 1232 Realdum
463 1159 716 1249 columbum,
744 1159 958 1233 Gabrielem
984 1164 1120 1261 Falop-

111 1278 233 1376 pium,
243 1276 507 1348 Hieronimum
514 1275 737 1365 Fabricium,
750 1278 890 1348 Julium
898 1271 1120 1370 Casserium,

111 1394 321 1467 Adrianum
334 1392 551 1492 Spigelium,
560 1398 579 1465 J
581 1418 745 1466 oannem
763 1394 1010 1493 Veslingium,
1019 1395 1122 1468 alios

112 1537 185 1611 qne
201 1511 530 1610 praestantissimos
544 1509 894 1582 Anatomicoshanc
905 1510 1121 1582 cathedram

112 1650 332 1726 occupasse.
361 1629 449 1698 Erat
479 1624 636 1725 quidem
664 1625 787 1697 inanis
822 1628 953 1716 timor,
984 1650 1118 1711 omnes

112 1746 216 1818 enim
229 1745 310 1840 jam
333 1758 415 1815 tum
435 1745 476 1814 in
494 1741 588 1813 illud
612 1741 900 1815 consentiebant
930 1742 1118 1842 elogium,

112 1875 266 1934 tantum
295 1858 402 1931 illum
430 1857 611 1931 excellere
628 1875 802 1931 anatome
823 1875 866 1931 ut
891 1885 1004 1931 nemo
1025 1874 1123 1933 esset

113 2003 194 2050 non
219 1975 344 2050 solum
370 1976 485 2048 aetatis
507 1999 597 2065 suae,
624 1974 689 2071 sed
713 1977 825 2048 etiam
844 1974 891 2047 de
913 1975 1122 2073 majoribus

113 2111 228 2184 natu,
248 2093 315 2192 qui
329 2094 364 2165 ei
380 2095 561 2192 anteponi
570 2107 707 2191 posset.
726 2093 839 2183 Quod
845 2093 1029 2190 judicium
1041 2114 1121 2167 non

114 2212 236 2312 magis
249 2212 420 2283 oratione
432 2234 548 2309 quain
561 2207 667 2283 factis
680 2210 943 2309 comprobavit
952 2216 1122 2303 Senatus;

116 2354 208 2401 nam
228 2353 318 2401 cum
336 2329 372 2400 ei
387 2329 475 2400 satis
490 2328 657 2426 amplum
677 2330 971 2426 quingentorum
990 2355 1122 2401 auaeo-

119 2471 208 2518 rum
226 2445 457 2545 stipendium
474 2443 704 2516 decrevisset
718 2443 813 2514 illud
828 2446 994 2542 primum
1009 2442 1020 2534 3
1036 2468 1124 2519 raro

120 2564 317 2663 exemplo,
338 2562 385 2633 ad
407 2560 642 2659 octogintos,
673 2573 820 2657 postea,
847 2563 1058 2651 rarissimo,
1074 2562 1125 2636 ad

120 2681 179 2754 bis
196 2679 393 2768 millenos,
409 2678 591 2775 singulari
610 2675 765 2748 demum
790 2692 902 2775 atque
919 2680 1055 2768 unico,
1076 2679 1126 2752 ad

118 2799 306 2871 ducentos
320 2818 435 2894 supra
446 2782 505 2865 bis
521 2792 697 2866 millenos
709 2793 884 2893 perduxit
895 2795 989 2883 30ed
1008 2797 1126 2867 maxi-

121 2941 228 2990 mum
246 2913 351 3013 quod
370 2916 589 2984 Moncacno
608 2910 690 2982 dari
711 2913 835 3009 potuit
846 2914 1043 3010 praemium
1057 2911 1128 2988 fuit

122 3031 355 3106 incredibilis
367 3028 585 3101 acclamatio
602 3042 640 3100 et
655 3027 809 3127 plausus
827 3053 904 3127 quo
916 3030 980 3103 ille
997 3031 1037 3101 in
1048 3056 1127 3105 exeo

123 3152 194 3226 dra
212 3150 419 3222 collocatus
436 3136 570 3236 fuerit,
590 3147 696 3242 cujus
715 3148 770 3218 rei
787 3172 874 3219 cum
893 3150 1016 3219 statim
1031 3148 1129 3223 fama

128 3280 339 3363 emanasset
349 3288 484 3362 magna
495 3262 666 3362 undique
686 3264 720 3335 ei
737 3261 833 3336 lacta
845 3279 900 3337 est
917 3266 1128 3364 gratulati03

130 3401 167 3457 et
180 3409 252 3484 pro
270 3407 338 3456 sua
354 3380 488 3453 eximia
505 3382 545 3451 in
559 3381 700 3453 litteras
711 3395 748 3453 et
760 3380 942 3454 litteratos
953 3381 1130 3456 homines

129 3503 336 3590 voluntate,
347 3503 523 3571 Summus
539 3522 691 3597 quoque
704 3496 875 3588 Pontifex
892 3498 1067 3594 Clemens
1079 3505 1132 3573 XI

133 3618 254 3691 eidem
274 3616 479 3716 gratulatus
496 3629 560 3687 est.

177 3738 266 3807 Non
286 3756 423 3833 parum
444 3732 625 3803 intererat
646 3734 854 3804 Moncacm
872 3746 916 3802 ut
935 3730 1133 3804 hominem
1194 3814 1205 3829 Γ

132 3848 353 3924 informaret
371 3847 420 3920 ad
430 3847 534 3920 bene·
542 3846 818 3947 diligenterque
831 3849 1060 3927 anatomicas
1073 3872 1135 3921 os·

135 3969 321 4042 tentiones
338 3963 669 4055 administrandas,
679 3980 716 4040 at
729 3965 781 4040 sic
799 3970 963 4059 Joaunes
975 3966 1139 4064 Baptista
