2784 4668
316 413 382 489 158
477 438 524 485 no
551 438 696 485 sonions
721 439 764 484 rr
790 439 914 487 crosis
941 439 1150 486 nonnosum

312 567 451 625 conatu
472 550 672 622 tortissima
698 551 895 648 apoplexia
918 552 1099 650 abreptus
1121 567 1176 626 est
1196 552 1309 624 :vidit
1380 536 1382 571 ²

312 692 486 768 quoque,
523 683 560 740 et
596 667 819 741 dissectione
859 693 940 740 rem
977 652 1239 757 confirmavit,
1269 685 1308 740 ut

311 788 400 859 alibi
421 788 475 884 (1)
496 786 642 884 scripsi,
670 786 850 859 Valsalva.
875 792 957 857 Huc
978 786 1142 884 Adolphi
1164 786 1220 885 (2)
1246 785 1307 857 ob·

307 906 470 978 ‘servatio
489 906 652 1003 pertinet
671 905 818 977 lethalis
836 906 1041 1004 apoplexia
1059 932 1109 976 ex
1126 909 1308 997 nioeufor-

312 1028 402 1092 tiori
410 1037 447 1093 et
458 1027 731 1121 intempestivo,
751 1045 830 1119 quo
849 1022 920 1093 sihi
935 1024 1147 1120 parturiens
1161 1023 1308 1122 plexum

311 1137 531 1212 choroidem
568 1154 739 1237 ruperat,
766 1132 963 1236 effusoque
996 1140 1178 1241 sanguine
1214 1164 1310 1213 cere·
1378 1198 1379 1209 ,

311 1256 423 1329 hrum
444 1255 690 1345 vehementer
710 1269 991 1352 compresserat.
1025 1256 1142 1351 Cujus
1167 1257 1208 1327 in
1231 1282 1310 1330 vasa

311 1373 556 1471 quantoplus
576 1374 768 1471 sanguinis
785 1373 825 1443 in
845 1374 1044 1445 conatibus
1061 1390 1260 1473 urgeatur,
1277 1391 1310 1449 et

312 1490 422 1562 simul
440 1505 584 1589 quanto
599 1491 726 1562 minus
743 1489 832 1562 inde
851 1489 974 1562 redire
992 1505 1084 1562 tunc
1102 1495 1239 1589 possit,
1259 1494 1310 1565 vir

311 1607 379 1678 cel.
397 1606 563 1680 ostendit
581 1609 802 1681 Swietenius
816 1606 881 1704 (3).
898 1610 1000 1698 Quin
1014 1611 1170 1682 minime
1178 1609 1309 1683 desunt

312 1725 481 1823 exempla
495 1725 550 1822 (4)
567 1748 701 1797 eorum
721 1725 861 1822 quibus
874 1750 960 1796 rasa
976 1726 1122 1798 cerebri
1139 1727 1310 1818 distenta,

314 1841 426 1914 levem
444 1843 494 1912 ob
512 1850 799 1914 commotionem
821 1858 934 1941 rupta
946 1859 1055 1931 arunt,
1087 1852 1145 1914 uti
1160 1871 1185 1915 a
1204 1870 1308 1935 casu,

312 1958 491 2057 colapho,
507 1960 748 2042 inclinatione
764 1965 915 2058 capitis,
933 1977 998 2031 etc.
1008 1961 1121 2050 Quod
1130 1964 1160 2033 si
1168 1978 1311 2061 tempus

311 2075 382 2147 fuit
399 2100 478 2175 quo
491 2076 964 2161 multicnmsternntarent,
980 2092 1131 2173 repente
1144 2085 1310 2175 spiritum

311 2194 528 2265 emittebant
543 2190 617 2287 (5),
631 2216 712 2262 non
730 2191 769 2261 id
791 2190 943 2262 aliunde
962 2193 1128 2288 potuisse
1146 2196 1310 2268 accidere

259 2368 262 2375 ,
311 2309 472 2400 facilius,
500 2307 734 2382 crediderim.
761 2309 798 2379 Si
824 2308 977 2405 igitura
998 2312 1310 2385 concussionibus

312 2454 362 2502 eae
394 2453 478 2527 quae
509 2426 682 2499 nondum
709 2439 835 2514 erant,
860 2446 1036 2496 vasorum
1060 2426 1310 2526 disruptiones

311 2546 413 2621 farm
428 2561 535 2635 sunt;
549 2559 695 2643 quanto
709 2544 828 2640 magis
841 2567 925 2640 quae
939 2542 1123 2643 inchoatae
1134 2547 1213 2642 jam
1223 2549 1309 2637 sint,

311 2681 492 2767 poterunt
517 2663 678 2763 augeri?
703 2677 748 2733 ut
766 2660 864 2732 nihil
889 2661 1032 2733 interea
1056 2661 1104 2733 de
1124 2662 1247 2736 abusu
1264 2664 1310 2736 di·

311 2810 393 2857 cam
413 2783 743 2868 calidissimorum,
763 2780 988 2867 aliorumve,
1003 2781 1227 2878 sanguinem
1241 2804 1309 2852 ma·
1378 2752 1380 2827 ἶ

209 2990 215 2999 ι
311 2906 409 2975 xime
428 2901 717 2986 concitantium,
731 2897 924 2996 liquorum
944 2888 1046 2995 quia
1065 2897 1222 2971 medicis
1236 2901 1332 2998 qui-¹

311 3020 491 3106 busdam,
507 3017 614 3089 nullo
633 3039 784 3103 serosae,
802 3038 850 3086 an
868 3016 1082 3112 sanguineae
1109 3017 1308 3114 apoplerie

1378 2836 1380 2899 i

1378 2908 1380 3043 i

312 3138 442 3210 habito
450 3136 684 3217 discrimine,
697 3158 812 3231 saepe,
826 3124 1306 3232 apoplecticisingenrntur3
1378 3172 1379 3245 ἐ

311 3280 391 3328 non
406 3252 522 3327 modo
540 3250 696 3323 naribus
715 3249 984 3346 subjiciunturz
996 3248 1105 3347 quod
1120 3273 1307 3349 magnum,

368 3615 380 3649 1
416 3594 509 3670 Epist.
527 3596 615 3650 Anat.
632 3591 684 3661 13,
700 3609 731 3645 n.
748 3607 794 3664 19.

415 3698 483 3752 Act
496 3696 532 3751 N.
548 3695 582 3750 C.
597 3703 617 3749 t.
636 3710 667 3760 1,
681 3690 745 3746 obs.
760 3693 828 3753 241.

382 3696 395 3873 i
414 3798 579 3855 Commeat.
593 3793 624 3847 in
637 3791 744 3847 Boerh.
758 3788 868 3863 ΛΡΜ
884 3803 976 3859 roro,
995 3786 1011 3843 3
1024 3787 1061 3842 Y.

382 3896 394 3974 )
413 3896 483 3953 Vid.
497 3892 596 3951 Schol.
610 3891 649 3949 ad
662 3891 727 3948 obs.
744 3910 773 3960 1,
790 3898 860 3944 sect.
878 3886 928 3945 cit.
947 3881 1102 3962 Sepulchr.
