<?xml version="1.0" encoding="UTF-8"?>
<!DOCTYPE html PUBLIC "-//W3C//DTD XHTML 1.0 Transitional//EN"
    "http://www.w3.org/TR/xhtml1/DTD/xhtml1-transitional.dtd">
<html xmlns="http://www.w3.org/1999/xhtml" xml:lang="en" lang="en">
 <head>
  <title>
</title>
<meta http-equiv="Content-Type" content="text/html;charset=utf-8" />
  <meta name='ocr-system' content='tesseract 3.04.00' />
  <meta name='ocr-capabilities' content='ocr_page ocr_carea ocr_par ocr_line ocrx_word'/>
</head>
<body>
  <div class='ocr_page' id='page_1' title='image "./desedibusetcaus06adelgoog_0379.png"; bbox 0 0 2782 4668; ppageno 0'>
   <div class='ocr_carea' id='block_1_1' title="bbox 295 398 1136 471">
    <p class='ocr_par' dir='ltr' id='par_1_1' title="bbox 295 398 1136 471">
     <span class='ocr_line' id='line_1_1' title="bbox 295 398 1136 471; baseline -0.012 0"><span class='ocrx_word' id='word_1_1' title='bbox 295 398 368 471; x_wconf 80' lang='lat'><strong>366</strong></span> <span class='ocrx_word' id='word_1_2' title='bbox 466 421 512 467; x_wconf 82' lang='lat' dir='ltr'><strong>oa</strong></span> <span class='ocrx_word' id='word_1_3' title='bbox 540 418 684 467; x_wconf 77' lang='lat' dir='ltr'><strong>surmus</strong></span> <span class='ocrx_word' id='word_1_4' title='bbox 709 419 753 463; x_wconf 80' lang='lat' dir='ltr'><strong>rr</strong></span> <span class='ocrx_word' id='word_1_5' title='bbox 778 416 901 463; x_wconf 72' lang='lat' dir='ltr'><strong>nauus</strong></span> <span class='ocrx_word' id='word_1_6' title='bbox 927 415 1136 465; x_wconf 75' lang='lat' dir='ltr'><strong>uouroatur</strong></span> 
     </span>
    </p>
   </div>
   <div class='ocr_carea' id='block_1_2' title="bbox 154 520 1287 632">
    <p class='ocr_par' dir='ltr' id='par_1_2' title="bbox 154 520 1287 632">
     <span class='ocr_line' id='line_1_2' title="bbox 154 520 1287 632; baseline -0.024 -22"><span class='ocrx_word' id='word_1_7' title='bbox 154 608 160 617; x_wconf 86' lang='grc'><strong>,</strong></span> <span class='ocrx_word' id='word_1_8' title='bbox 221 520 223 525; x_wconf 42' lang='grc'><strong>’</strong></span> <span class='ocrx_word' id='word_1_9' title='bbox 346 561 400 632; x_wconf 84' lang='lat'><strong>17.</strong></span> <span class='ocrx_word' id='word_1_10' title='bbox 427 537 531 603; x_wconf 85' lang='lat' dir='ltr'><strong>Anus</strong></span> <span class='ocrx_word' id='word_1_11' title='bbox 550 531 688 600; x_wconf 84' lang='lat' dir='ltr'><strong>leviore</strong></span> <span class='ocrx_word' id='word_1_12' title='bbox 706 527 802 600; x_wconf 83' lang='lat' dir='ltr'><strong>febri</strong></span> <span class='ocrx_word' id='word_1_13' title='bbox 819 543 1013 625; x_wconf 88' lang='lat' dir='ltr'><strong>correpta,</strong></span> <span class='ocrx_word' id='word_1_14' title='bbox 1041 553 1156 625; x_wconf 80' lang='lat' dir='ltr'><strong>quam</strong></span> <span class='ocrx_word' id='word_1_15' title='bbox 1185 553 1287 626; x_wconf 73' lang='lat' dir='ltr'><strong>pem.</strong></span> 
     </span>
    </p>
   </div>
   <div class='ocr_carea' id='block_1_3' title="bbox 226 646 1386 3684">
    <p class='ocr_par' dir='ltr' id='par_1_3' title="bbox 226 646 1386 3684">
     <span class='ocr_line' id='line_1_3' title="bbox 293 646 1290 745; baseline -0.008 -21"><span class='ocrx_word' id='word_1_16' title='bbox 293 657 405 725; x_wconf 90' lang='lat' dir='ltr'><strong>viano</strong></span> <span class='ocrx_word' id='word_1_17' title='bbox 425 652 564 723; x_wconf 88' lang='lat' dir='ltr'><strong>cortice</strong></span> <span class='ocrx_word' id='word_1_18' title='bbox 582 647 751 721; x_wconf 91' lang='lat' dir='ltr'><strong>medicus</strong></span> <span class='ocrx_word' id='word_1_19' title='bbox 766 646 986 745; x_wconf 84' lang='lat' dir='ltr'><strong>pervincere</strong></span> <span class='ocrx_word' id='word_1_20' title='bbox 1001 669 1040 717; x_wconf 87' lang='lat' dir='ltr'><strong>se</strong></span> <span class='ocrx_word' id='word_1_21' title='bbox 1055 669 1189 743; x_wconf 88' lang='lat' dir='ltr'><strong>posse,</strong></span> <span class='ocrx_word' id='word_1_22' title='bbox 1213 670 1290 743; x_wconf 85' lang='lat' dir='ltr'><strong>spe-</strong></span> 
     </span>
     <span class='ocr_line' id='line_1_4' title="bbox 295 762 1293 858; baseline -0.008 -16"><span class='ocrx_word' id='word_1_23' title='bbox 295 770 419 858; x_wconf 82' lang='lat' dir='ltr'>rabat,</span> <span class='ocrx_word' id='word_1_24' title='bbox 438 768 509 839; x_wconf 91' lang='lat' dir='ltr'><strong>hae</strong></span> <span class='ocrx_word' id='word_1_25' title='bbox 526 793 605 837; x_wconf 91' lang='lat' dir='ltr'><strong>non</strong></span> <span class='ocrx_word' id='word_1_26' title='bbox 624 766 739 837; x_wconf 92' lang='lat' dir='ltr'><strong>modo</strong></span> <span class='ocrx_word' id='word_1_27' title='bbox 757 789 837 836; x_wconf 92' lang='lat' dir='ltr'><strong>nou</strong></span> <span class='ocrx_word' id='word_1_28' title='bbox 856 763 1033 852; x_wconf 83' lang='lat' dir='ltr'><strong>cedente,</strong></span> <span class='ocrx_word' id='word_1_29' title='bbox 1057 762 1124 836; x_wconf 83' lang='lat' dir='ltr'><strong>sed</strong></span> <span class='ocrx_word' id='word_1_30' title='bbox 1146 765 1186 834; x_wconf 89' lang='lat' dir='ltr'><strong>in</strong></span> <span class='ocrx_word' id='word_1_31' title='bbox 1212 788 1293 835; x_wconf 83' lang='lat' dir='ltr'><strong>acu·</strong></span> 
     </span>
     <span class='ocr_line' id='line_1_5' title="bbox 297 878 1260 980; baseline -0.01 -21"><span class='ocrx_word' id='word_1_32' title='bbox 297 903 374 959; x_wconf 90' lang='lat' dir='ltr'><strong>tam</strong></span> <span class='ocrx_word' id='word_1_33' title='bbox 388 911 475 957; x_wconf 87' lang='lat' dir='ltr'><strong>eum</strong></span> <span class='ocrx_word' id='word_1_34' title='bbox 490 884 709 980; x_wconf 87' lang='lat' dir='ltr'><strong>vaniloquio</strong></span> <span class='ocrx_word' id='word_1_35' title='bbox 728 883 997 979; x_wconf 84' lang='lat' dir='ltr'><strong>degenerante,</strong></span> <span class='ocrx_word' id='word_1_36' title='bbox 1007 878 1180 953; x_wconf 87' lang='lat' dir='ltr'><strong>confecta</strong></span> <span class='ocrx_word' id='word_1_37' title='bbox 1196 896 1260 952; x_wconf 88' lang='lat' dir='ltr'><strong>est.</strong></span> 
     </span>
     <span class='ocr_line' id='line_1_6' title="bbox 345 999 1298 1095; baseline -0.01 -18"><span class='ocrx_word' id='word_1_38' title='bbox 345 1004 497 1077; x_wconf 86' lang='lat' dir='ltr'><strong>Ventris</strong></span> <span class='ocrx_word' id='word_1_39' title='bbox 524 1016 561 1071; x_wconf 89' lang='lat' dir='ltr'><strong>et</strong></span> <span class='ocrx_word' id='word_1_40' title='bbox 582 999 747 1071; x_wconf 82' lang='lat' dir='ltr'><strong>thoracis</strong></span> <span class='ocrx_word' id='word_1_41' title='bbox 767 999 956 1069; x_wconf 83' lang='lat' dir='ltr'><strong>nonnulla</strong></span> <span class='ocrx_word' id='word_1_42' title='bbox 978 1000 1140 1085; x_wconf 83' lang='lat' dir='ltr'><strong>viscera,</strong></span> <span class='ocrx_word' id='word_1_43' title='bbox 1167 1013 1298 1095; x_wconf 71' lang='lat' dir='ltr'><strong>praeter</strong></span> 
     </span>
     <span class='ocr_line' id='line_1_7' title="bbox 298 1115 1298 1222; baseline -0.009 -26"><span class='ocrx_word' id='word_1_44' title='bbox 298 1138 428 1222; x_wconf 87' lang='lat' dir='ltr'><strong>eaput,</strong></span> <span class='ocrx_word' id='word_1_45' title='bbox 447 1123 487 1191; x_wconf 92' lang='lat' dir='ltr'><strong>in</strong></span> <span class='ocrx_word' id='word_1_46' title='bbox 503 1117 693 1191; x_wconf 85' lang='lat' dir='ltr'><strong>theatrum</strong></span> <span class='ocrx_word' id='word_1_47' title='bbox 712 1116 832 1204; x_wconf 87' lang='lat' dir='ltr'><strong>illata,</strong></span> <span class='ocrx_word' id='word_1_48' title='bbox 852 1140 932 1185; x_wconf 90' lang='lat' dir='ltr'><strong>non</strong></span> <span class='ocrx_word' id='word_1_49' title='bbox 951 1115 1079 1187; x_wconf 89' lang='lat' dir='ltr'><strong>multis</strong></span> <span class='ocrx_word' id='word_1_50' title='bbox 1097 1128 1298 1212; x_wconf 80' lang='lat' dir='ltr'><strong>antequam</strong></span> 
     </span>
     <span class='ocr_line' id='line_1_8' title="bbox 297 1231 1299 1338; baseline -0.01 -26"><span class='ocrx_word' id='word_1_51' title='bbox 297 1238 502 1338; x_wconf 88' lang='lat' dir='ltr'><strong>superioris</strong></span> <span class='ocrx_word' id='word_1_52' title='bbox 525 1235 694 1305; x_wconf 90' lang='lat' dir='ltr'><strong>mulieris</strong></span> <span class='ocrx_word' id='word_1_53' title='bbox 715 1232 931 1321; x_wconf 85' lang='lat' dir='ltr'><strong>cerebrum,</strong></span> <span class='ocrx_word' id='word_1_54' title='bbox 948 1231 1082 1305; x_wconf 85' lang='lat' dir='ltr'><strong>diebus</strong></span> <span class='ocrx_word' id='word_1_55' title='bbox 1108 1234 1299 1304; x_wconf 84' lang='lat' dir='ltr'><strong>consecui-</strong></span> 
     </span>
     <span class='ocr_line' id='line_1_9' title="bbox 295 1348 1300 1449; baseline -0.007 -23"><span class='ocrx_word' id='word_1_56' title='bbox 295 1380 390 1428; x_wconf 89' lang='lat' dir='ltr'><strong>mus.</strong></span> <span class='ocrx_word' id='word_1_57' title='bbox 410 1353 590 1444; x_wconf 82' lang='lat' dir='ltr'><strong>Quaedam</strong></span> <span class='ocrx_word' id='word_1_58' title='bbox 603 1364 738 1449; x_wconf 86' lang='lat' dir='ltr'><strong>praeter</strong></span> <span class='ocrx_word' id='word_1_59' title='bbox 753 1349 906 1421; x_wconf 89' lang='lat' dir='ltr'><strong>solitum</strong></span> <span class='ocrx_word' id='word_1_60' title='bbox 922 1348 1097 1446; x_wconf 88' lang='lat' dir='ltr'><strong>quidem,</strong></span> <span class='ocrx_word' id='word_1_61' title='bbox 1127 1349 1197 1422; x_wconf 90' lang='lat' dir='ltr'><strong>sed</strong></span> <span class='ocrx_word' id='word_1_62' title='bbox 1227 1375 1300 1421; x_wconf 88' lang='lat' dir='ltr'><strong>non</strong></span> 
     </span>
     <span class='ocr_line' id='line_1_10' title="bbox 299 1467 1300 1570; baseline -0.01 -23"><span class='ocrx_word' id='word_1_63' title='bbox 299 1475 457 1547; x_wconf 91' lang='lat' dir='ltr'><strong>omnino</strong></span> <span class='ocrx_word' id='word_1_64' title='bbox 477 1486 611 1570; x_wconf 76' lang='lat' dir='ltr'><strong>praeter</strong></span> <span class='ocrx_word' id='word_1_65' title='bbox 636 1484 810 1543; x_wconf 87' lang='lat' dir='ltr'><strong>naturam</strong></span> <span class='ocrx_word' id='word_1_66' title='bbox 833 1469 873 1538; x_wconf 92' lang='lat' dir='ltr'><strong>in</strong></span> <span class='ocrx_word' id='word_1_67' title='bbox 898 1492 989 1539; x_wconf 88' lang='lat' dir='ltr'><strong>rene</strong></span> <span class='ocrx_word' id='word_1_68' title='bbox 1012 1467 1192 1557; x_wconf 84' lang='lat' dir='ltr'><strong>dextero,</strong></span> <span class='ocrx_word' id='word_1_69' title='bbox 1213 1469 1300 1540; x_wconf 87' lang='lat' dir='ltr'><strong>etin</strong></span> 
     </span>
     <span class='ocr_line' id='line_1_11' title="bbox 299 1584 1302 1689; baseline -0.006 -28"><span class='ocrx_word' id='word_1_70' title='bbox 299 1594 381 1689; x_wconf 91' lang='lat' dir='ltr'><strong>ipso</strong></span> <span class='ocrx_word' id='word_1_71' title='bbox 398 1589 511 1662; x_wconf 88' lang='lat' dir='ltr'><strong>eorde</strong></span> <span class='ocrx_word' id='word_1_72' title='bbox 528 1613 565 1661; x_wconf 89' lang='lat' dir='ltr'><strong>se</strong></span> <span class='ocrx_word' id='word_1_73' title='bbox 581 1585 824 1674; x_wconf 90' lang='lat' dir='ltr'><strong>obtulerunt,</strong></span> <span class='ocrx_word' id='word_1_74' title='bbox 842 1610 927 1683; x_wconf 82' lang='lat' dir='ltr'><strong>quae</strong></span> <span class='ocrx_word' id='word_1_75' title='bbox 943 1601 988 1657; x_wconf 92' lang='lat' dir='ltr'><strong>ut</strong></span> <span class='ocrx_word' id='word_1_76' title='bbox 998 1600 1090 1656; x_wconf 90' lang='lat' dir='ltr'><strong>tunc</strong></span> <span class='ocrx_word' id='word_1_77' title='bbox 1111 1610 1195 1656; x_wconf 90' lang='lat' dir='ltr'><strong>non</strong></span> <span class='ocrx_word' id='word_1_78' title='bbox 1212 1584 1302 1657; x_wconf 88' lang='lat' dir='ltr'><strong>indi·</strong></span> 
     </span>
     <span class='ocr_line' id='line_1_12' title="bbox 300 1703 1381 1808; baseline -0.004 -30"><span class='ocrx_word' id='word_1_79' title='bbox 300 1731 374 1805; x_wconf 84' lang='lat' dir='ltr'><strong>gna</strong></span> <span class='ocrx_word' id='word_1_80' title='bbox 390 1707 468 1777; x_wconf 85' lang='lat' dir='ltr'><strong>visa</strong></span> <span class='ocrx_word' id='word_1_81' title='bbox 498 1722 585 1780; x_wconf 86' lang='lat' dir='ltr'><strong>sunt</strong></span> <span class='ocrx_word' id='word_1_82' title='bbox 606 1728 689 1803; x_wconf 87' lang='lat' dir='ltr'><strong>quae</strong></span> <span class='ocrx_word' id='word_1_83' title='bbox 708 1703 886 1808; x_wconf 76' lang='lat' dir='ltr'><strong>omnibus</strong></span> <span class='ocrx_word' id='word_1_84' title='bbox 913 1705 1230 1791; x_wconf 81' lang='lat' dir='ltr'><strong>ostenderentur,</strong></span> <span class='ocrx_word' id='word_1_85' title='bbox 1260 1706 1303 1775; x_wconf 81' lang='lat' dir='ltr'><strong>ita</strong></span> <span class='ocrx_word' id='word_1_86' title='bbox 1380 1748 1381 1765; x_wconf 31' lang='grc' dir='ltr'><strong>η</strong></span> 
     </span>
     <span class='ocr_line' id='line_1_13' title="bbox 299 1823 1302 1921; baseline -0.003 -26"><span class='ocrx_word' id='word_1_87' title='bbox 299 1846 404 1895; x_wconf 89' lang='lat' dir='ltr'><strong>nunc</strong></span> <span class='ocrx_word' id='word_1_88' title='bbox 428 1848 506 1897; x_wconf 91' lang='lat' dir='ltr'><strong>non</strong></span> <span class='ocrx_word' id='word_1_89' title='bbox 522 1824 699 1897; x_wconf 89' lang='lat' dir='ltr'><strong>videntur</strong></span> <span class='ocrx_word' id='word_1_90' title='bbox 716 1848 800 1921; x_wconf 75' lang='lat' dir='ltr'><strong>quae</strong></span> <span class='ocrx_word' id='word_1_91' title='bbox 818 1823 921 1921; x_wconf 88' lang='lat' dir='ltr'><strong>apud</strong></span> <span class='ocrx_word' id='word_1_92' title='bbox 941 1839 978 1896; x_wconf 87' lang='lat' dir='ltr'><strong>te</strong></span> <span class='ocrx_word' id='word_1_93' title='bbox 998 1823 1193 1896; x_wconf 81' lang='lat' dir='ltr'><strong>sileantur.</strong></span> <span class='ocrx_word' id='word_1_94' title='bbox 1214 1824 1302 1893; x_wconf 86' lang='lat' dir='ltr'><strong>Nam</strong></span> 
     </span>
     <span class='ocr_line' id='line_1_14' title="bbox 301 1941 1384 2039; baseline -0.001 -27"><span class='ocrx_word' id='word_1_95' title='bbox 301 1966 347 2012; x_wconf 84' lang='lat' dir='ltr'><strong>ex</strong></span> <span class='ocrx_word' id='word_1_96' title='bbox 370 1965 415 2011; x_wconf 94' lang='lat' dir='ltr'><strong>eo</strong></span> <span class='ocrx_word' id='word_1_97' title='bbox 434 1965 525 2013; x_wconf 89' lang='lat' dir='ltr'><strong>rene</strong></span> <span class='ocrx_word' id='word_1_98' title='bbox 542 1957 708 2016; x_wconf 86' lang='lat' dir='ltr'><strong>ureteres</strong></span> <span class='ocrx_word' id='word_1_99' title='bbox 724 1941 805 2027; x_wconf 87' lang='lat' dir='ltr'><strong>bini</strong></span> <span class='ocrx_word' id='word_1_100' title='bbox 822 1941 1047 2030; x_wconf 84' lang='lat' dir='ltr'><strong>existebant,</strong></span> <span class='ocrx_word' id='word_1_101' title='bbox 1067 1942 1249 2039; x_wconf 74' lang='lat' dir='ltr'><strong>superior</strong></span> <span class='ocrx_word' id='word_1_102' title='bbox 1266 1964 1306 2012; x_wconf 84' lang='lat' dir='ltr'><strong>ex</strong></span> <span class='ocrx_word' id='word_1_103' title='bbox 1383 2000 1384 2011; x_wconf 70' lang='grc'>,</span> 
     </span>
     <span class='ocr_line' id='line_1_15' title="bbox 302 2056 1385 2157; baseline -0.002 -27"><span class='ocrx_word' id='word_1_104' title='bbox 302 2058 529 2156; x_wconf 75' lang='lat' dir='ltr'><strong>simpliciore</strong></span> <span class='ocrx_word' id='word_1_105' title='bbox 548 2060 668 2157; x_wconf 87' lang='lat' dir='ltr'><strong>pelvi,</strong></span> <span class='ocrx_word' id='word_1_106' title='bbox 687 2075 724 2131; x_wconf 86' lang='lat' dir='ltr'><strong>et</strong></span> <span class='ocrx_word' id='word_1_107' title='bbox 738 2063 908 2148; x_wconf 81' lang='lat' dir='ltr'><strong>tenuior3</strong></span> <span class='ocrx_word' id='word_1_108' title='bbox 926 2056 1083 2133; x_wconf 82' lang='lat' dir='ltr'><strong>inferior</strong></span> <span class='ocrx_word' id='word_1_109' title='bbox 1100 2074 1234 2131; x_wconf 82' lang='lat' dir='ltr'><strong>autem</strong></span> <span class='ocrx_word' id='word_1_110' title='bbox 1251 2058 1307 2129; x_wconf 77' lang='lat' dir='ltr'><strong>ali·</strong></span> <span class='ocrx_word' id='word_1_111' title='bbox 1384 2110 1385 2115; x_wconf 65' lang='lat'><strong>,</strong></span> 
     </span>
     <span class='ocr_line' id='line_1_16' title="bbox 304 2176 1386 2275; baseline 0 -29"><span class='ocrx_word' id='word_1_112' title='bbox 304 2190 447 2271; x_wconf 90' lang='lat' dir='ltr'><strong>quanto</strong></span> <span class='ocrx_word' id='word_1_113' title='bbox 465 2178 643 2266; x_wconf 82' lang='lat' dir='ltr'><strong>crassior,</strong></span> <span class='ocrx_word' id='word_1_114' title='bbox 662 2177 804 2275; x_wconf 86' lang='lat' dir='ltr'><strong>quippe</strong></span> <span class='ocrx_word' id='word_1_115' title='bbox 822 2201 867 2249; x_wconf 75' lang='lat' dir='ltr'><strong>es</strong></span> <span class='ocrx_word' id='word_1_116' title='bbox 882 2177 983 2275; x_wconf 86' lang='lat' dir='ltr'><strong>pelvi</strong></span> <span class='ocrx_word' id='word_1_117' title='bbox 996 2201 1112 2274; x_wconf 86' lang='lat' dir='ltr'><strong>quam</strong></span> <span class='ocrx_word' id='word_1_118' title='bbox 1130 2176 1308 2275; x_wconf 87' lang='lat' dir='ltr'><strong>multipli·</strong></span> <span class='ocrx_word' id='word_1_119' title='bbox 1385 2206 1386 2211; x_wconf 43' lang='lat'>¹</span> 
     </span>
     <span class='ocr_line' id='line_1_17' title="bbox 303 2291 1307 2391; baseline -0.001 -26"><span class='ocrx_word' id='word_1_120' title='bbox 303 2317 364 2365; x_wconf 85' lang='lat' dir='ltr'><strong>ces</strong></span> <span class='ocrx_word' id='word_1_121' title='bbox 383 2291 508 2363; x_wconf 92' lang='lat' dir='ltr'><strong>tubuli</strong></span> <span class='ocrx_word' id='word_1_122' title='bbox 523 2293 563 2363; x_wconf 88' lang='lat' dir='ltr'><strong>in</strong></span> <span class='ocrx_word' id='word_1_123' title='bbox 583 2318 664 2366; x_wconf 88' lang='lat' dir='ltr'><strong>eam</strong></span> <span class='ocrx_word' id='word_1_124' title='bbox 681 2293 936 2384; x_wconf 81' lang='lat' dir='ltr'><strong>confluentes,</strong></span> <span class='ocrx_word' id='word_1_125' title='bbox 957 2294 1141 2391; x_wconf 78' lang='lat' dir='ltr'><strong>majorem</strong></span> <span class='ocrx_word' id='word_1_126' title='bbox 1169 2291 1307 2366; x_wconf 81' lang='lat' dir='ltr'><strong>efficie-</strong></span> 
     </span>
     <span class='ocr_line' id='line_1_18' title="bbox 304 2409 1307 2511; baseline 0.001 -30"><span class='ocrx_word' id='word_1_127' title='bbox 304 2409 415 2496; x_wconf 85' lang='lat' dir='ltr'><strong>bant,</strong></span> <span class='ocrx_word' id='word_1_128' title='bbox 435 2425 472 2481; x_wconf 90' lang='lat' dir='ltr'><strong>et</strong></span> <span class='ocrx_word' id='word_1_129' title='bbox 491 2412 607 2508; x_wconf 84' lang='lat' dir='ltr'><strong>magis</strong></span> <span class='ocrx_word' id='word_1_130' title='bbox 628 2425 826 2483; x_wconf 81' lang='lat' dir='ltr'><strong>extantem.</strong></span> <span class='ocrx_word' id='word_1_131' title='bbox 849 2412 1094 2511; x_wconf 80' lang='lat' dir='ltr'><strong>Singulorum</strong></span> <span class='ocrx_word' id='word_1_132' title='bbox 1113 2426 1307 2483; x_wconf 78' lang='lat' dir='ltr'><strong>uretermn</strong></span> 
     </span>
     <span class='ocr_line' id='line_1_19' title="bbox 226 2510 1308 2625; baseline 0.002 -27"><span class='ocrx_word' id='word_1_133' title='bbox 226 2510 229 2521; x_wconf 44' lang='lat'><strong>⁴</strong></span> <span class='ocrx_word' id='word_1_134' title='bbox 304 2542 346 2598; x_wconf 92' lang='lat' dir='ltr'><strong>ut</strong></span> <span class='ocrx_word' id='word_1_135' title='bbox 361 2542 486 2618; x_wconf 79' lang='lat' dir='ltr'><strong>ortuS,</strong></span> <span class='ocrx_word' id='word_1_136' title='bbox 505 2529 556 2599; x_wconf 88' lang='lat' dir='ltr'><strong>sic</strong></span> <span class='ocrx_word' id='word_1_137' title='bbox 573 2551 815 2625; x_wconf 83' lang='lat' dir='ltr'><strong>progressus,</strong></span> <span class='ocrx_word' id='word_1_138' title='bbox 834 2544 871 2601; x_wconf 89' lang='lat' dir='ltr'><strong>et</strong></span> <span class='ocrx_word' id='word_1_139' title='bbox 889 2525 975 2600; x_wconf 88' lang='lat' dir='ltr'><strong>finis</strong></span> <span class='ocrx_word' id='word_1_140' title='bbox 993 2526 1155 2618; x_wconf 77' lang='lat' dir='ltr'><strong>divisus,</strong></span> <span class='ocrx_word' id='word_1_141' title='bbox 1188 2545 1308 2601; x_wconf 74' lang='lat' dir='ltr'><strong>trans-</strong></span> 
     </span>
     <span class='ocr_line' id='line_1_20' title="bbox 303 2643 1310 2743; baseline 0.002 -29"><span class='ocrx_word' id='word_1_142' title='bbox 303 2648 400 2717; x_wconf 87' lang='lat' dir='ltr'><strong>versi</strong></span> <span class='ocrx_word' id='word_1_143' title='bbox 419 2645 524 2743; x_wconf 85' lang='lat' dir='ltr'><strong>digiti</strong></span> <span class='ocrx_word' id='word_1_144' title='bbox 540 2643 737 2715; x_wconf 87' lang='lat' dir='ltr'><strong>intervallo</strong></span> <span class='ocrx_word' id='word_1_145' title='bbox 757 2646 856 2721; x_wconf 90' lang='lat' dir='ltr'><strong>inter</strong></span> <span class='ocrx_word' id='word_1_146' title='bbox 868 2647 1068 2742; x_wconf 85' lang='lat' dir='ltr'><strong>utriusque</strong></span> <span class='ocrx_word' id='word_1_147' title='bbox 1087 2644 1236 2719; x_wconf 70' lang='lat' dir='ltr'><strong>crificia</strong></span> <span class='ocrx_word' id='word_1_148' title='bbox 1258 2648 1310 2716; x_wconf 79' lang='lat' dir='ltr'><strong>in·</strong></span> 
     </span>
     <span class='ocr_line' id='line_1_21' title="bbox 304 2760 1310 2860; baseline 0 -27"><span class='ocrx_word' id='word_1_149' title='bbox 304 2763 480 2858; x_wconf 84' lang='lat' dir='ltr'><strong>terjecto,</strong></span> <span class='ocrx_word' id='word_1_150' title='bbox 497 2760 662 2859; x_wconf 78' lang='lat' dir='ltr'><strong>oblonga</strong></span> <span class='ocrx_word' id='word_1_151' title='bbox 681 2762 814 2850; x_wconf 89' lang='lat' dir='ltr'><strong>ambo,</strong></span> <span class='ocrx_word' id='word_1_152' title='bbox 832 2776 871 2833; x_wconf 88' lang='lat' dir='ltr'><strong>et</strong></span> <span class='ocrx_word' id='word_1_153' title='bbox 884 2763 929 2841; x_wconf 64' lang='lat' dir='ltr'><strong>„in</strong></span> <span class='ocrx_word' id='word_1_154' title='bbox 945 2762 1077 2837; x_wconf 77' lang='lat' dir='ltr'><strong>eadem</strong></span> <span class='ocrx_word' id='word_1_155' title='bbox 1093 2761 1259 2860; x_wconf 76' lang='lat' dir='ltr'><strong>oblique</strong></span> <span class='ocrx_word' id='word_1_156' title='bbox 1272 2764 1310 2834; x_wconf 88' lang='lat' dir='ltr'><strong>li·</strong></span> 
     </span>
     <span class='ocr_line' id='line_1_22' title="bbox 306 2870 1312 2977; baseline -0.002 -27"><span class='ocrx_word' id='word_1_157' title='bbox 306 2904 377 2951; x_wconf 85' lang='lat' dir='ltr'><strong>nea</strong></span> <span class='ocrx_word' id='word_1_158' title='bbox 395 2904 470 2977; x_wconf 83' lang='lat' dir='ltr'><strong>qua</strong></span> <span class='ocrx_word' id='word_1_159' title='bbox 488 2878 696 2968; x_wconf 87' lang='lat' dir='ltr'><strong>debebant,</strong></span> <span class='ocrx_word' id='word_1_160' title='bbox 711 2881 750 2950; x_wconf 90' lang='lat' dir='ltr'><strong>in</strong></span> <span class='ocrx_word' id='word_1_161' title='bbox 767 2870 928 2953; x_wconf 84' lang='lat' dir='ltr'><strong>vesioain</strong></span> <span class='ocrx_word' id='word_1_162' title='bbox 946 2880 1112 2977; x_wconf 81' lang='lat' dir='ltr'><strong>patentia</strong></span> <span class='ocrx_word' id='word_1_163' title='bbox 1127 2878 1183 2953; x_wconf 89' lang='lat' dir='ltr'><strong>sic</strong></span> <span class='ocrx_word' id='word_1_164' title='bbox 1199 2893 1246 2951; x_wconf 87' lang='lat' dir='ltr'><strong>ut</strong></span> <span class='ocrx_word' id='word_1_165' title='bbox 1262 2877 1312 2949; x_wconf 85' lang='lat' dir='ltr'><strong>al·</strong></span> 
     </span>
     <span class='ocr_line' id='line_1_23' title="bbox 305 2995 1312 3096; baseline 0 -27"><span class='ocrx_word' id='word_1_166' title='bbox 305 3013 432 3071; x_wconf 88' lang='lat' dir='ltr'><strong>terum</strong></span> <span class='ocrx_word' id='word_1_167' title='bbox 445 2998 562 3069; x_wconf 83' lang='lat' dir='ltr'><strong>altero</strong></span> <span class='ocrx_word' id='word_1_168' title='bbox 578 2998 751 3095; x_wconf 87' lang='lat' dir='ltr'><strong>superius</strong></span> <span class='ocrx_word' id='word_1_169' title='bbox 765 3013 870 3071; x_wconf 82' lang='lat' dir='ltr'><strong>esset.</strong></span> <span class='ocrx_word' id='word_1_170' title='bbox 892 3002 938 3069; x_wconf 90' lang='lat' dir='ltr'><strong>ln</strong></span> <span class='ocrx_word' id='word_1_171' title='bbox 951 2995 1068 3071; x_wconf 78' lang='lat' dir='ltr'><strong>corde</strong></span> <span class='ocrx_word' id='word_1_172' title='bbox 1079 3010 1230 3087; x_wconf 81' lang='lat' dir='ltr'><strong>autern,</strong></span> <span class='ocrx_word' id='word_1_173' title='bbox 1246 3021 1312 3096; x_wconf 87' lang='lat' dir='ltr'><strong>pro</strong></span> 
     </span>
     <span class='ocr_line' id='line_1_24' title="bbox 306 3112 1315 3213; baseline 0.002 -30"><span class='ocrx_word' id='word_1_174' title='bbox 306 3140 409 3185; x_wconf 87' lang='lat' dir='ltr'><strong>venae</strong></span> <span class='ocrx_word' id='word_1_175' title='bbox 433 3115 637 3189; x_wconf 84' lang='lat' dir='ltr'><strong>coronariae</strong></span> <span class='ocrx_word' id='word_1_176' title='bbox 659 3115 824 3203; x_wconf 85' lang='lat' dir='ltr'><strong>valvula,</strong></span> <span class='ocrx_word' id='word_1_177' title='bbox 855 3114 1056 3188; x_wconf 78' lang='lat' dir='ltr'><strong>reticulum</strong></span> <span class='ocrx_word' id='word_1_178' title='bbox 1078 3112 1315 3213; x_wconf 74' lang='lat' dir='ltr'><strong>deprehendi</strong></span> 
     </span>
     <span class='ocr_line' id='line_1_25' title="bbox 308 3229 1316 3328; baseline 0.003 -28"><span class='ocrx_word' id='word_1_179' title='bbox 308 3230 412 3301; x_wconf 89' lang='lat' dir='ltr'><strong>haud</strong></span> <span class='ocrx_word' id='word_1_180' title='bbox 431 3230 537 3303; x_wconf 88' lang='lat' dir='ltr'><strong>aliter</strong></span> <span class='ocrx_word' id='word_1_181' title='bbox 555 3229 693 3305; x_wconf 81' lang='lat' dir='ltr'><strong>factum</strong></span> <span class='ocrx_word' id='word_1_182' title='bbox 703 3233 858 3307; x_wconf 82' lang='lat' dir='ltr'><strong>aointer</strong></span> <span class='ocrx_word' id='word_1_183' title='bbox 868 3232 948 3328; x_wconf 86' lang='lat' dir='ltr'><strong>ejus</strong></span> <span class='ocrx_word' id='word_1_184' title='bbox 957 3229 1111 3303; x_wconf 74' lang='lat' dir='ltr'><strong>valvutae</strong></span> <span class='ocrx_word' id='word_1_185' title='bbox 1118 3231 1316 3305; x_wconf 64' lang='lat' dir='ltr'><strong>ramentas</strong></span> 
     </span>
     <span class='ocr_line' id='line_1_26' title="bbox 309 3346 1316 3447; baseline 0.002 -29"><span class='ocrx_word' id='word_1_186' title='bbox 309 3348 521 3446; x_wconf 85' lang='lat' dir='ltr'><strong>penultimo</strong></span> <span class='ocrx_word' id='word_1_187' title='bbox 540 3349 625 3433; x_wconf 87' lang='lat' dir='ltr'><strong>loco</strong></span> <span class='ocrx_word' id='word_1_188' title='bbox 640 3349 680 3418; x_wconf 88' lang='lat' dir='ltr'><strong>in</strong></span> <span class='ocrx_word' id='word_1_189' title='bbox 699 3350 867 3447; x_wconf 81' lang='lat' dir='ltr'><strong>epistolis</strong></span> <span class='ocrx_word' id='word_1_190' title='bbox 892 3348 1114 3423; x_wconf 78' lang='lat' dir='ltr'><strong>anatomicis</strong></span> <span class='ocrx_word' id='word_1_191' title='bbox 1128 3346 1188 3446; x_wconf 82' lang='lat' dir='ltr'><strong>(r)</strong></span> <span class='ocrx_word' id='word_1_192' title='bbox 1207 3375 1231 3420; x_wconf 76' lang='lat' dir='ltr'><strong>a</strong></span> <span class='ocrx_word' id='word_1_193' title='bbox 1261 3372 1316 3420; x_wconf 77' lang='lat' dir='ltr'><strong>ne</strong></span> 
     </span>
     <span class='ocr_line' id='line_1_27' title="bbox 311 3464 1319 3565; baseline 0.001 -29"><span class='ocrx_word' id='word_1_194' title='bbox 311 3465 541 3564; x_wconf 89' lang='lat' dir='ltr'><strong>descriptum</strong></span> <span class='ocrx_word' id='word_1_195' title='bbox 551 3464 705 3553; x_wconf 86' lang='lat' dir='ltr'><strong>videbis.</strong></span> <span class='ocrx_word' id='word_1_196' title='bbox 722 3471 865 3565; x_wconf 85' lang='lat' dir='ltr'><strong>Verum</strong></span> <span class='ocrx_word' id='word_1_197' title='bbox 881 3465 978 3555; x_wconf 81' lang='lat' dir='ltr'><strong>haen,</strong></span> <span class='ocrx_word' id='word_1_198' title='bbox 989 3481 1032 3539; x_wconf 90' lang='lat' dir='ltr'><strong>ut</strong></span> <span class='ocrx_word' id='word_1_199' title='bbox 1046 3464 1139 3555; x_wconf 76' lang='lat' dir='ltr'><strong>dixi,</strong></span> <span class='ocrx_word' id='word_1_200' title='bbox 1154 3488 1319 3538; x_wconf 66' lang='lat' dir='ltr'><strong>nouom</strong></span> 
     </span>
     <span class='ocr_line' id='line_1_28' title="bbox 311 3566 1320 3684; baseline 0.006 -33"><span class='ocrx_word' id='word_1_201' title='bbox 311 3585 404 3653; x_wconf 89' lang='lat' dir='ltr'><strong>nino</strong></span> <span class='ocrx_word' id='word_1_202' title='bbox 421 3598 555 3680; x_wconf 79' lang='lat' dir='ltr'><strong>praeter</strong></span> <span class='ocrx_word' id='word_1_203' title='bbox 575 3566 767 3671; x_wconf 84' lang='lat' dir='ltr'><strong>naturam,</strong></span> <span class='ocrx_word' id='word_1_204' title='bbox 789 3598 831 3654; x_wconf 92' lang='lat' dir='ltr'><strong>ut</strong></span> <span class='ocrx_word' id='word_1_205' title='bbox 850 3608 934 3680; x_wconf 86' lang='lat' dir='ltr'><strong>quae</strong></span> <span class='ocrx_word' id='word_1_206' title='bbox 952 3585 992 3654; x_wconf 89' lang='lat' dir='ltr'><strong>in</strong></span> <span class='ocrx_word' id='word_1_207' title='bbox 1009 3608 1148 3684; x_wconf 74' lang='lat' dir='ltr'><strong>magna</strong></span> <span class='ocrx_word' id='word_1_208' title='bbox 1163 3584 1320 3667; x_wconf 65' lang='lat' dir='ltr'><strong>ameria,</strong></span> 
     </span>
    </p>
   </div>
   <div class='ocr_carea' id='block_1_4' title="bbox 356 3940 702 4017">
    <p class='ocr_par' dir='ltr' id='par_1_4' title="bbox 356 3940 702 4017">
     <span class='ocr_line' id='line_1_29' title="bbox 356 3940 702 4017; baseline -0.003 -21"><span class='ocrx_word' id='word_1_209' title='bbox 356 3940 399 4017; x_wconf 79' lang='grc' dir='ltr'><strong>(ι)</strong></span> <span class='ocrx_word' id='word_1_210' title='bbox 420 3942 512 4016; x_wconf 84' lang='lat' dir='ltr'><strong>Epist.</strong></span> <span class='ocrx_word' id='word_1_211' title='bbox 533 3940 585 4011; x_wconf 85' lang='lat'><strong>15,</strong></span> <span class='ocrx_word' id='word_1_212' title='bbox 607 3962 637 3999; x_wconf 90' lang='lat' dir='ltr'><strong>n.</strong></span> <span class='ocrx_word' id='word_1_213' title='bbox 654 3961 702 3998; x_wconf 77' lang='lat' dir='ltr'><strong>ao.</strong></span> 
     </span>
    </p>
   </div>
   <div class='ocr_carea' id='block_1_5' title="bbox 0 0 1423 4668">
    <p class='ocr_par' dir='ltr' id='par_1_5' title="bbox 0 0 1423 4668">
     <span class='ocr_line' id='line_1_30' title="bbox 0 0 1423 4668; baseline 0 0"><span class='ocrx_word' id='word_1_214' title='bbox 0 0 1423 4668; x_wconf 95' lang='lat' dir='ltr'><strong> </strong></span> 
     </span>
    </p>
   </div>
  </div>
 </body>
</html>
