2862 4668
668 322 674 363 l

289 471 332 523 to
597 463 833 514 msronta
857 462 977 515 VIM

285 606 357 683 pro
376 602 451 679 qua
469 576 678 652 offensione
688 577 743 653 illi
756 603 795 657 se
812 573 1087 651 satisfacturum
1104 576 1289 670 Lancisio,

285 724 356 800 per
374 698 539 786 litteras,
563 694 792 797 significavit.
819 697 976 795 Accepit
1000 690 1289 771 satisfactionem

286 820 527 889 Moacaouus
541 869 550 904 ,
565 829 602 887 et
617 816 764 913 signum
779 814 936 914 mitigati
948 814 1063 886 animi
1080 836 1168 912 erga
1182 809 1290 885 illum
1305 836 1309 843 ¹

287 933 391 1007 dedit
402 935 443 1004 in
463 931 710 1030 sequentibus
721 931 962 1005 Adversariis.
980 934 1116 1030 Egerat
1135 948 1291 1028 quoqne

286 1052 480 1123 Lancisius
498 1050 545 1121 de
557 1050 791 1123 restituendo
804 1051 845 1121 in
866 1050 1020 1147 gratiam
1033 1048 1209 1146 Mangeto
1229 1045 1292 1119 cui

288 1168 453 1240 ostendit
465 1191 574 1265 posse
583 1193 664 1239 rem
681 1167 728 1238 ad
746 1166 990 1240 concordiam
1008 1163 1114 1238 facile
1134 1163 1291 1254 deduci,

288 1283 497 1359 dummodo
517 1284 745 1377 declararet,
763 1308 843 1356 non
859 1282 1000 1355 invidia
1018 1298 1130 1382 atque
1145 1281 1290 1354 obtrec-

286 1403 428 1509 tatione
439 1401 560 1474 laudis
573 1405 801 1491 Monetam,
820 1402 968 1500 cuiipse
983 1424 1132 1498 semper
1144 1397 1291 1488 laverit,

196 1578 198 1589 ,
286 1544 325 1594 se
344 1521 481 1619 scripta
497 1520 651 1591 Bianehi
665 1543 775 1591 suum
784 1521 824 1589 in
832 1518 1023 1593 theatrum
1036 1518 1292 1591 anatomicurn

285 1638 473 1728 intulisse,
496 1638 561 1710 sed
589 1637 811 1709 inconsulto.
833 1636 873 1707 id
897 1632 1051 1719 fecisse,
1075 1633 1293 1731 factumque

287 1752 396 1826 suum
415 1755 633 1852 improbare
650 1780 693 1827 ac
710 1752 897 1825 detestari.
920 1754 956 1823 N
957 1776 1008 1821 on
1024 1750 1205 1821 dubitavit
1215 1750 1295 1846 qui.-

290 1869 377 1940 dem
403 1875 602 1973 Mangetus
620 1871 784 1965 ingenue
805 1868 912 1939 fateri
931 1868 1123 1955 Lancisi0,
1147 1890 1187 1937 se
1208 1871 1294 1937 ani-

290 1986 566 2071 madversiones
596 1988 758 2060 Bianehi
770 2024 773 2031 .
786 1999 955 2059 currente
968 1985 1082 2082 prelo
1108 1988 1294 2082 accepisse

288 2127 335 2174 ac
348 2110 417 2174 aare
435 2119 576 2179 attente
583 2105 776 2202 perlectas
794 2108 890 2200 typis
909 2108 1150 2191 commisisse,
1165 2125 1294 2200 opere·

290 2222 459 2317 quejum
472 2220 572 2291 edito
591 2218 877 2318 deprehendisse
897 2223 935 2289 in
951 2223 995 2292 iis
1006 2216 1191 2293 manullo
1205 2239 1293 2314 quse

288 2335 499 2410 delicatulis
518 2338 715 2409 acerbiora
734 2335 859 2407 videri
869 2348 1074 2433 poterant,
1099 2333 1165 2407 sed
1183 2333 1291 2410 illum

287 2454 382 2526 adeo
408 2469 651 2555 pupugerunt
679 2452 845 2528 secunda
868 2466 905 2523 et
928 2452 1036 2523 tertia
1051 2450 1291 2542 Adversaria,

287 2587 331 2643 ut
342 2573 380 2657 ei
399 2574 633 2672 rescripserit
644 2595 726 2669 quae
738 2568 1057 2643 reconciliationis
1065 2567 1292 2668 desperatio·

289 2712 378 2760 nem
404 2687 538 2762 afferre
560 2688 790 2761 viderentur.
808 2689 952 2757 Verum
978 2698 1110 2783 postea
1127 2688 1296 2761 sentiens

289 2806 496 2903 multorum
522 2804 680 2878 vocibus
705 2827 745 2876 se
771 2800 1020 2902 reprehendi,
1046 2800 1153 2901 quod
1179 2801 1291 2875 talem

289 2924 413 2995 virum
434 2919 673 3017 offendisset,
694 2946 822 3020 neque
839 2915 1026 2992 offensum
1042 2919 1190 3018 placare
1214 2935 1292 2994 stu-

291 3040 453 3128 duisset,
476 3038 523 3111 de
543 3038 824 3115 reconcilianda
844 3039 961 3137 gratia
981 3038 1145 3136 cogitare
1165 3039 1289 3139 coepit
1334 3066 1336 3074 ·

288 3156 498 3239 Verebatur
517 3181 670 3254 quoque
688 3180 736 3227 ne
757 3170 954 3254 peccatum
970 3178 1080 3228 suum
1095 3181 1118 3228 a
1131 3158 1292 3233 Mones·

289 3298 366 3347 cno
384 3273 573 3360 severius,
592 3273 633 3344 in
650 3272 731 3344 aliis
745 3296 828 3370 quae
842 3287 1036 3371 paraverat
1044 3272 1291 3365 Adversariis,

290 3392 512 3492 puniretur,
532 3389 671 3488 quibus
682 3389 799 3462 rebus
808 3388 948 3465 factum
959 3405 1032 3482 est,
1047 3406 1090 3465 ut
1106 3393 1140 3465 ei
1157 3416 1197 3465 se
1206 3416 1291 3492 pur·

289 3507 433 3605 gaverit
458 3532 527 3606 per
546 3507 689 3580 litteras
707 3510 729 3579 a
747 3513 891 3579 Joanne
911 3505 1095 3581 Fautonio
1115 3510 1290 3608 scriptas,

291 3637 401 3695 utens
420 3625 657 3696 excusatione
674 3624 929 3724 negligentiae,
949 3651 1026 3725 quo
1046 3626 1200 3724 majoris
1218 3627 1292 3698 cri-

176 3756 179 3773 '
290 3740 425 3830 minis,
441 3740 549 3813 illatae
566 3741 709 3831 seilicet
725 3739 894 3839 injuriae,
913 3745 1166 3842 suspicionem
1184 3767 1291 3816 aver·

292 3870 397 3929 teret.
422 3859 505 3948 Qua
525 3860 765 3933 excusatione
788 3874 826 3933 et
855 3860 966 3933 amici
991 3857 1166 3959 precibus
1184 3884 1290 3934 com-

291 3988 415 4049 motus
426 3978 681 4065 Moncssuus,
695 3976 833 4069 multa,
850 3977 1067 4076 quarnerius
1078 3978 1291 4080 scripserat,
