2774 4670
298 455 367 543 524
403 462 407 471 ’
460 479 507 527 na
532 476 677 526 sautans
702 478 748 525 rr
771 476 894 525 causis
920 453 1142 526 uonnonuu'

295 593 420 663 trunci
439 592 556 689 ipsius
571 596 705 662 tonicae
724 591 988 662 convulsiones
1008 620 1017 660 t
1037 618 1122 689 quae
1144 588 1213 689 pei·
1235 594 1290 666 in·

296 709 448 781 tervalla
462 708 725 797 recurrebant,
746 710 793 779 ad
812 710 1059 807 quadrantem
1073 686 1178 780 horae
1195 736 1291 808 pers·

294 842 437 915 tantos,
458 826 667 923 eodemque
695 841 865 925 tempore
891 843 971 897 tum
1000 829 1188 897 vomitum
1214 810 1293 898 llari

296 945 467 1015 humoris
484 944 655 1032 ciebant,
677 959 757 1015 tum
778 947 916 1031 menti,
933 971 1015 1041 quae
1027 944 1116 1015 alias
1134 945 1292 1042 vigebat,

296 1064 401 1167 quasi
426 1060 605 1159 quasdam
630 1059 875 1134 offundebant
893 1061 1075 1134 tenebras.
1097 1067 1182 1132 Jam
1210 1087 1293 1133 vero

243 1204 250 1229 ‘
296 1179 444 1251 sinister
461 1204 613 1276 quoque
636 1194 737 1250 artus
752 1176 907 1250 inferior
927 1203 1004 1250 non
1022 1188 1130 1250 sec‘us
1150 1203 1195 1249 ac
1215 1178 1295 1250 dex·

296 1311 353 1367 ter
366 1349 378 1381 ‚,
391 1295 621 1367 resolutione
635 1311 764 1393 captus
780 1293 909 1366 fuerat.
925 1297 1099 1392 Denique
1117 1319 1207 1367 cum
1225 1297 1295 1393 pri-

297 1412 357 1483 die
373 1434 485 1508 quam
500 1412 641 1503 obiret,
654 1413 751 1485 male
764 1413 859 1484 adeo
873 1440 910 1485 se
923 1413 1100 1500 haberet,
1118 1428 1162 1484 ut
1170 1413 1296 1511 pulsus

298 1531 458 1627 amplius
475 1556 552 1601 non
570 1533 871 1629 perciperentur3
886 1531 927 1600 hi
936 1556 1065 1603 rursus
1075 1533 1210 1629 paucis
1217 1547 1296 1602 ante
1373 1602 1374 1611 ,

298 1663 458 1718 mortem
483 1647 587 1719 horis
614 1648 828 1735 redierunt,
859 1674 1027 1747 agerque
1054 1649 1296 1721 meliusculus
1373 1634 1374 1687 Ὗ

298 1789 376 1836 esse
396 1764 609 1853 videbatur,
623 1764 838 1864 diutiusque
856 1781 1052 1837 tracturus.
1071 1766 1146 1836 Sed
1170 1765 1297 1864 (quod

298 1896 427 1952 cautos
443 1879 563 1952 lacere
582 1881 695 1953 debet
707 1883 890 1971 medicos,
907 1886 1116 1980 'praesertim
1132 1884 1203 1954 ubi
1218 1909 1299 1955 con·
1373 1878 1374 1891 ¹

299 1998 487 2069 vulsiones
500 1998 660 2069 subinde
668 1998 854 2095 redeunt)
872 2000 931 2071 his
939 2000 985 2075 de
994 2001 1207 2097 improviso
1216 2026 1298 2071 mox

299 2116 574 2188 revertentibus
592 2133 741 2217 ereptus
762 2134 826 2191 est.

347 2238 391 2304 In
416 2252 546 2307 ventre
570 2242 726 2311 multam
760 2264 895 2338 aquam
922 2236 1105 2328 vidimus,
1142 2263 1298 2337 eamque

298 2353 510 2426 turbidam:
528 2359 703 2433 intestina
716 2369 840 2430 autem
858 2356 1053 2428 nonnullis
1071 2357 1111 2425 in
1130 2356 1228 2428 locis
1237 2381 1300 2454 per

300 2471 480 2566 quasdam
509 2474 680 2545 flaccidas
716 2476 823 2572 quasi
852 2473 1091 2543 membranas
1126 2473 1231 2543 inter
1264 2496 1299 2543 se

300 2587 511 2682 conjuncta.
529 2592 641 2677 Lien,
661 2615 772 2662 sanus
787 2590 974 2686 alioquin,
994 2589 1161 2659 exterius
1170 2588 1301 2659 albica-

299 2702 373 2773 bat.
389 2706 530 2776 Eodem
550 2708 677 2805 colore
694 2722 772 2778 erat
788 2709 916 2804 jecur,
935 2707 1007 2778 nisi
1026 2705 1133 2802 quod
1159 2707 1199 2775 in
1225 2730 1300 2776 me·

301 2817 364 2891 dio
385 2818 491 2894 faciei
510 2798 682 2894 convexae
707 2825 814 2919 nigra
840 2822 984 2893 macula
1003 2821 1215 2919 apparebat
1235 2823 1300 2893 cir·

289 2936 376 3006 *culi
395 2936 531 3026 forma,
560 2965 632 3011 nec
659 2942 779 3035 major
805 2936 990 3037 quamut
1014 2937 1130 3021 obolo
1162 2938 1299 3035 operiri

301 3072 452 3151 posset:
474 3057 543 3128 sub
572 3083 615 3128 ea
646 3072 724 3131 erat
755 3082 865 3129 cavea
894 3083 973 3128 non
1005 3058 1056 3127 ita
1084 3054 1297 3154 profunda,
1373 3084 1374 3161 p

301 3194 414 3268 quam
440 3176 734 3247 semiconcretus
759 3176 908 3271 sanguis
929 3173 1121 3271 implebat.
1147 3178 1232 3244 Ren
1256 3174 1298 3244 si·
1373 3180 1374 3271 l

301 3289 417 3361 nister
436 3293 556 3382 intus,
580 3293 682 3364 baud
707 3293 842 3391 procul
865 3291 1021 3390 apelvis
1040 3292 1177 3381 initiis,
1209 3317 1298 3363 non·

253 3441 257 3453 ¹
302 3405 396 3477 nihil
414 3409 489 3480 albi
516 3408 620 3508 puris
646 3410 818 3482 ostendit.
843 3409 1013 3497 Lotiuni‚
1029 3385 1117 3478 lnon
1140 3410 1298 3479 maxima
1373 3420 1374 3511 l

301 3529 590 3624 tamen‘copia,
621 3530 741 3600 vesica
772 3527 1019 3613 continebat,
1051 3526 1161 3622 cujus
1198 3539 1298 3597 erant

304 3642 530 3715 membranae
558 3646 757 3736 crassiores
790 3643 912 3734 facta,
931 3644 1165 3739 interiorque
1193 3640 1297 3713 facies

301 3760 475 3833 distincta
487 3764 602 3850 vasis,
623 3788 705 3860 quae
720 3765 893 3835 restitans
911 3763 1061 3859 sanguis
1073 3759 1184 3830 valde
1196 3782 1297 3830 cons·
1373 3758 1374 3815 ἐ

302 3878 411 3975 picua
427 3878 619 3950 reddebat.
633 3883 676 3949 In
691 3880 844 3952 urethra
858 3879 1074 3976 quaesitum,
1091 3879 1297 3948 inventum·

303 4020 378 4091 que
394 4011 449 4069 est
461 3996 553 4093 quid
567 4021 685 4095 prope
699 3998 860 4070 vesicam
874 4012 1055 4096 argenteae
1065 3993 1199 4070 fistulae
1213 4017 1296 4064 non·
