2774 4670
308 405 381 499 466
467 429 514 479 nn
540 426 685 478 sumnus
709 428 754 476 rr
778 426 902 477 causis
927 426 1137 477 nonnosum

306 540 647 635 oneratorum,
662 565 711 611 an
721 542 942 638 sanguinem
955 543 1099 615 miserit
1111 542 1126 612 ,2
1138 541 1206 613 Ille
1220 568 1308 615 vero

303 660 381 759 jam
399 660 550 733 miserat
567 658 690 732 statim
707 681 751 728 ao
770 658 916 755 primus
932 658 1094 731 insultus
1103 656 1235 730 finitus
1244 676 1308 749 est,

304 780 489 851 missurus
501 775 561 848 rel
573 776 605 848 si
616 798 766 873 gravem
778 773 886 845 illum
900 788 1086 848 terrorem
1100 777 1206 867 nulla
1216 793 1307 849 esset

304 895 482 994 epilepsia
498 905 710 967 consecuta.
722 892 781 962 Sic
795 893 897 965 enim
912 890 1078 981 solebat,
1093 892 1213 964 credo
1223 896 1307 991 quia

301 1026 388 1111 post
398 1008 646 1109 Malpighium
656 1005 943 1103 suum(1)idem
954 1008 1059 1105 quod
1069 1033 1305 1108 nosquoque

300 1127 527 1227 aliquando,
543 1113 877 1213 animadverterem
902 1125 950 1199 ab
977 1127 1167 1223 ejusmodi
1191 1130 1305 1200 animi

299 1243 437 1321 affectu
458 1244 678 1341 sanguinem
698 1265 865 1340 pronum
884 1239 969 1315 fieri
985 1242 1033 1315 ad
1056 1268 1304 1317 concrescen-

300 1364 410 1452 dum,
424 1386 500 1461 qua
514 1386 561 1437 ex
579 1385 621 1433 re
639 1359 735 1433 varii
753 1372 792 1431 et
813 1360 1043 1459 multiplices
1069 1385 1305 1459 pronascun·

296 1495 362 1559 tur
379 1475 523 1567 morbi,
539 1492 622 1553 tum
636 1477 748 1551 etiam
764 1476 853 1574 quia
871 1477 902 1549 si
920 1500 999 1575 qua
1015 1472 1133 1567 forte,
1153 1493 1200 1550 ut
1215 1504 1305 1578 saepe

295 1595 361 1686 fit,
380 1610 571 1695 concepta
591 1594 680 1669 inde
702 1595 743 1667 in
763 1594 922 1667 cerebro
941 1619 1063 1693 pravae
1088 1594 1305 1695 dispositio·

295 1715 356 1788 nis
367 1728 509 1789 restent
524 1713 700 1811 vestigia,
721 1735 806 1809 quae
824 1711 1027 1787 timoribus
1042 1728 1182 1811 preter
1202 1719 1305 1789 ratio

294 1827 672 1928 nem‚ter1ificisque
697 1830 895 1905 insomniis
920 1829 1159 1928 produntur,
1183 1848 1231 1905 ut
1253 1833 1303 1903 iili
1381 1844 1383 1937 ἶ

294 1950 488 2048 sanguinis
508 1948 763 2035 concretum,
785 1948 836 2021 ita
859 1947 919 2019 his
941 1948 1050 2045 quusi
1071 1950 1302 2022 convulsivis
1382 1948 1383 2025 ἕ

293 2064 441 2139 cerebri
458 2064 710 2139 incommodis
726 2089 831 2137 venae
848 2065 966 2139 sectio
979 2064 1217 2139 adversatur.
1235 2069 1302 2140 Mi·

292 2181 448 2256 rebatur
463 2195 608 2266 autem,
625 2180 826 2279 siquando
836 2180 1012 2257 audiebat
1022 2235 1032 2271 ‚
1043 2206 1123 2259 esse
1132 2187 1205 2283 qui
1218 2208 1302 2256 con·

290 2314 349 2374 tra
375 2298 475 2372 Caetii
491 2298 546 2396 (a)
565 2298 729 2388 monita,
752 2298 962 2397 epilepticis
984 2302 1301 2375 sternutationem

289 2431 489 2493 moverent
503 2414 679 2514 ambigua
702 2439 768 2514 spe
793 2429 858 2489 aut
882 2417 1085 2513 spirituum
1104 2432 1239 2491 motus
1262 2420 1298 2490 in

288 2534 485 2607 meliorem
494 2531 685 2621 mutandi,
695 2547 759 2605 aut
773 2532 976 2607 restitantis
986 2531 1026 2603 in
1037 2533 1190 2607 cerebri
1205 2538 1298 2608 vasis
1380 2510 1381 2529 ἵ

287 2652 480 2749 sanguinis
489 2647 751 2750 promovendi.
761 2648 874 2719 Ilium
883 2649 987 2723 enim
995 2664 1164 2741 motum,
1182 2677 1296 2751 quem

286 2767 408 2841 sedari
418 2780 628 2865 praestaret,
642 2766 731 2863 quis
743 2764 927 2863 spondeat
950 2768 1003 2839 sic
1029 2768 1208 2865 pejorem
1220 2795 1295 2841 non

284 2883 370 2957 fieri
382 2885 398 2956 i
410 2885 639 2982 Sanguinem
652 2905 745 2956 vero
758 2907 874 2979 quem
893 2883 935 2954 in
950 2884 1187 2979 ejuscemodi
1198 2913 1295 2960 mor·

282 3001 384 3097 bora
412 3001 600 3074 convulsis
630 2996 737 3075 fibris
761 2999 944 3073 retardari
967 3001 1172 3076 verisimile
1215 3023 1289 3095 est,

283 3144 379 3202 num
393 3118 452 3199 his
460 3118 578 3216 magis
585 3116 739 3188 irritatis
746 3116 917 3215 expediri
924 3118 1124 3192 credemus
1135 3122 1292 3223 iltaque

282 3235 332 3309 ad
348 3235 564 3333 apoplexias
582 3234 708 3332 potius
733 3233 837 3323 illas,
854 3236 895 3307 in
912 3235 1052 3333 quibus
1076 3237 1129 3313 ob
1152 3242 1291 3313 resolu·
1376 3302 1377 3333 q

280 3367 338 3427 tas
362 3351 477 3427 fibras
501 3352 652 3450 sanguis
677 3350 865 3442 subsistit,
888 3356 1021 3453 aptius-
1035 3353 1077 3429 id
1106 3359 1287 3433 auxilium
1376 3334 1377 3373 ¹

280 3469 533 3559 existimabam
564 3492 783 3567 quanquam
817 3469 892 3545 hoe
920 3471 1108 3567 ejusmodi
1136 3499 1219 3549 esse
1249 3478 1285 3547 in
1375 3498 1376 3547 i

278 3588 498 3660 universum
512 3583 708 3674 censebat,
731 3600 774 3657 ut
795 3611 883 3667 raro
897 3586 945 3663 ud
967 3589 1093 3687 ipsum
1114 3615 1137 3661 a
1156 3595 1283 3690 peritis

313 3872 357 3949 (ι)
379 3868 503 3927 Dissert.
520 3867 558 3924 de
572 3869 687 3944 Polypo
703 3869 787 3926 eord.

310 3971 355 4049 (α)
376 3969 513 4027 Morbor.
524 3968 638 4035 Cbron.
654 3970 675 4027 l.
693 3987 727 4043 ι,
740 3988 767 4028 c.
779 3975 820 4038 4(
