2782 4668
373 269 378 299 l

153 454 223 498 nm.
252 454 275 497 1.
304 453 349 501 nn
376 451 511 501 nonnis
537 451 693 516 cirrrrs,
717 453 828 501 rrrsr.
855 454 934 502 vm.
988 431 1060 530 379

60 589 155 636 mam
172 565 229 662 (1)
243 579 397 637 ventum
415 565 503 653 erit,
524 588 738 662 cognosces.
755 570 904 639 Interea
918 593 1001 665 quae
1015 568 1062 642 de

60 683 288 781 pervulgatis
306 681 532 795 quibusdam
553 683 710 754 internis
728 685 878 772 maniae,
899 700 936 756 et
953 684 1063 784 phre-

62 799 183 884 nitidis
203 799 380 873 remediis
397 799 445 870 ad
470 801 700 898 superiorem
722 799 914 875 historiam
942 803 1062 900 attigi,

60 918 97 988 in
112 918 336 989 memoriam
355 915 451 988 mihi
468 915 698 1015 redegerunt
722 912 825 1014 quod
842 917 911 993 tibi
934 917 980 990 de
1002 944 1063 990 ex·

62 1050 165 1115 terno
182 1033 351 1130 quodam
367 1033 544 1106 adversus
557 1049 762 1132 utrumque
777 1034 953 1107 morbum
966 1038 1064 1109 auxi·

62 1151 110 1227 lio
126 1151 387 1249 superioribus
399 1152 530 1225 litteris
545 1149 598 1249 (a)
612 1178 673 1245 me
687 1176 770 1225 sum
780 1152 970 1250 pollicitus
984 1178 1063 1227 esse

63 1271 301 1365 scripturum.
313 1268 399 1341 Noli
410 1283 605 1367 expectare
615 1285 657 1343 ut
664 1269 726 1341 hic
740 1294 945 1342 memorem
959 1269 1064 1366 quod

66 1386 237 1461 Valsalvae
256 1387 397 1459 amicus
410 1385 564 1483 quidam
579 1386 770 1475 medient,
789 1413 849 1460 me
868 1386 1064 1474 audiente,

67 1500 329 1592 confirmabat,
346 1528 385 1575 se
399 1518 534 1575 notum
544 1506 696 1600 utrique
713 1529 845 1577 eorum
854 1504 1066 1579 maniacum

66 1644 140 1691 non
153 1635 268 1697 antea
285 1644 485 1719 persanare
501 1621 686 1718 potuisse,
702 1646 814 1718 quam
830 1635 943 1719 caput
958 1621 1068 1703 toties

68 1736 273 1810 radendum
286 1753 465 1825 curasset,
481 1739 631 1834 quoties
638 1738 763 1835 capilli
772 1737 819 1809 ad
830 1737 934 1836 digiti
947 1738 1068 1811 altitu·

68 1852 184 1925 dinem
196 1855 535 1951 crescerent,quod
543 1854 633 1927 dum
642 1856 809 1953 primum
819 1853 940 1944 fieret,
948 1854 1068 1928 multo

68 1970 145 2065 plus
160 1971 331 2047 sordium
340 1972 418 2043 cuti
429 1971 767 2061 adherentium,et
779 1974 875 2044 male
885 1973 1069 2045 olentium
1143 2060 1158 2076 ‚

69 2088 364 2163 animadversum
375 2113 465 2177 esse,
477 2115 590 2186 quam
600 2091 685 2186 quis
698 2105 880 2188 putasset:
894 2115 1018 2189 neque
1029 2106 1071 2162 ut
1117 2156 1118 2159 ,

70 2204 251 2301 proferam
261 2206 500 2304 peregrinum
511 2207 884 2303 aliquodremedium
897 2209 1071 2281 extrinse-

72 2345 130 2396 cus
144 2323 358 2397 adhibitum
380 2322 427 2397 ad
440 2349 615 2396 somnum
631 2339 848 2422 opportune
866 2325 1069 2397 concilian-

72 2438 174 2530 dum3
187 2442 658 2540 quanquamRamazzinus
670 2456 800 2515 noster
809 2441 902 2513 mihi
912 2440 1070 2513 testaba-

72 2569 141 2644 tur,
151 2560 282 2657 opium
290 2559 572 2655 quoqueipsum
586 2558 626 2629 in
640 2558 730 2629 rino
743 2557 979 2645 dissolutum,
992 2583 1070 2655 quo

73 2671 106 2743 in
115 2674 368 2770 pertinacibus
387 2673 522 2771 vigiliis
531 2688 594 2745 aut
601 2688 772 2771 tempora
784 2671 991 2762 madefieri,
1004 2690 1068 2746 aut

73 2793 261 2883 penicillos
278 2793 317 2867 in
334 2815 443 2863 nares
458 2790 716 2865 immittendos
728 2791 864 2888 intingi
886 2792 1068 2885 jusserat,

74 2908 128 2977 vix
137 2909 256 2981 levem
265 2934 442 3007 soporem
452 2908 593 2983 fecisse.
601 2908 770 2981 Parahile
781 2923 861 2981 erat
872 2908 1069 2996 auxilium,
1130 2972 1133 2979 ,

75 3036 107 3091 et
117 3026 300 3097 Samonici
311 3024 482 3099 versibus
492 3026 665 3124 dignum,
681 3051 760 3123 quo
767 3025 945 3099 adversus
954 3024 1070 3122 phre-

75 3139 242 3231 nitidem,
264 3157 300 3215 et
328 3145 492 3215 maniam
517 3145 573 3216 uti
605 3157 853 3215 consueverat
879 3141 1072 3230 medicus,

77 3279 181 3350 quem
192 3260 242 3348 ,si
251 3259 347 3331 nihil
362 3260 480 3347 aliud,
491 3261 603 3358 longa
613 3274 713 3332 certe
727 3274 813 3336 aetas
823 3314 833 3349 ,
845 3274 957 3357 atque
967 3285 1070 3333 exer·

75 3371 192 3446 citatio
207 3376 474 3451 commendare
488 3376 723 3474 videbantur.
743 3381 780 3449 Is
794 3378 906 3475 igitur
918 3400 1069 3451 caseum

77 3492 330 3569 secundarium
349 3511 540 3569 recentem
566 3519 652 3569 cum
671 3495 755 3566 oleo
777 3495 963 3569 violarum
980 3495 1068 3566 mis·

79 3605 196 3696 cebat,
223 3636 384 3710 rasoque
411 3615 541 3686 vertici
559 3612 797 3712 imponebat,
820 3627 879 3687 ter
901 3609 1069 3709 quotidie

76 3780 1069 3808 *nm-„nm

114 3888 154 3967 (ι)
174 3896 212 3950 n.
230 3900 274 3955 13.

115 3988 156 4065 la)
175 3997 212 4050 N.
235 4000 279 4053 13.
