2784 4668
301 391 368 474 162
456 423 503 471 nr
529 421 675 471 scurrus
700 422 744 473 rr
769 420 893 468 causis
919 418 1137 467 morionum.
1185 381 1188 387 ’

297 542 398 612 riore
425 535 583 634 epistola
611 532 666 631 (1)
685 534 909 631 indicatam)
925 538 965 607 in
982 539 1174 635 opposita,
1191 535 1228 607 id
1246 549 1294 608 est
1384 600 1385 625 ,

297 662 338 729 in
357 656 509 729 dextera
524 642 641 723 cranii
658 667 764 752 parte
782 652 1145 751 deprehenderetur.
1162 655 1248 744 Qua
1260 654 1296 723 in
1383 638 1384 651 ¹

298 775 515 869 conjectura
537 768 658 845 multo
680 793 764 839 sum
786 770 903 869 magis
926 772 1193 858 confirmatus,
1217 795 1298 841 cum
1383 794 1384 871 j

297 890 392 961 illud
411 885 639 960 addiderunt
654 887 759 989 quod
774 884 871 961 forte
890 913 936 960 eo
955 904 1126 989 tempore
1140 890 1300 962 necdum

298 1006 533 1092 audiveram,
557 1006 726 1093 sinistro,
745 1019 787 1079 ut
807 1028 920 1101 supra
942 1005 1038 1096 dixi,
1063 1009 1236 1106 corporis
1253 1007 1301 1077 la·

298 1121 509 1197 terefuisse
532 1122 727 1227 hominem
743 1121 963 1199 resolutum.
985 1128 1123 1209 Granio
1141 1140 1235 1197 tunc
1250 1122 1302 1195 de

298 1242 415 1337 nique
432 1256 624 1337 persecto,
644 1239 751 1339 quod
767 1240 859 1312 dum
874 1239 1000 1331 fieret,
1020 1267 1117 1339 aqua
1136 1267 1219 1313 non
1234 1265 1302 1321 om·

298 1359 392 1428 nino
405 1382 526 1455 pauca
535 1356 707 1443 defluxit,
721 1355 792 1428 sub
803 1356 869 1429 illo
881 1358 1169 1455 sanguinolenta
1179 1358 1303 1431 omnia
1383 1340 1384 1413 Ῐ

299 1476 417 1573 magis
449 1499 564 1573 quam
595 1474 760 1562 soleant,
786 1474 910 1544 statim
936 1491 1204 1572 apparuerunt.
1243 1476 1302 1546 Di·

263 1632 270 1644 =
299 1593 413 1666 ducta
433 1606 559 1664 autem
579 1615 703 1665 crassa
720 1592 921 1691 meninge,
947 1591 986 1661 in
1004 1593 1111 1688 cujus
1128 1615 1302 1691 supremo

301 1712 386 1783 sinu
403 1710 597 1781 concretio
618 1724 698 1781 erat
721 1732 835 1805 parva
862 1707 1069 1806 polyposa,
1086 1735 1167 1789 non
1183 1709 1302 1805 §olum

300 1830 339 1898 in
351 1827 526 1924 meninge
544 1826 659 1897 alte-ra
671 1849 759 1899 vasa
776 1841 980 1923 conspecta
993 1842 1083 1901 sunt
1094 1829 1300 1925 sanguinea

289 1938 466 2031 dextris,
490 1967 602 2040 quam
622 1968 642 2015 a
660 1944 843 2033 sinistris,
863 1943 1088 2034 tumidiora3
1106 1944 1172 2019 sed
1191 1960 1228 2031 et
1248 1968 1304 2016 su·
1383 1924 1384 1951 ³

301 2086 370 2160 per
381 2061 649 2160 hemisphaerio
664 2061 842 2139 duntaxat
855 2060 1011 2134 dextero
1033 2062 1306 2160 sanguissemi-
1383 2060 1384 2089 ³

288 2164 617 2281 concretus,qui
644 2206 689 2255 ex
712 2178 840 2279 aliquo
860 2204 994 2253 eorum
1026 2204 1202 2269 vasorum
1229 2203 1307 2278 pro·

304 2296 436 2383 diisse,
455 2313 492 2367 et
509 2295 687 2373 deorsum
707 2295 794 2373 iude
811 2294 970 2369 fluxisse>
984 2296 1207 2386 videbatur;
1225 2321 1306 2369 uam
1383 2326 1385 2401 3ss

305 2431 342 2488 et
356 2413 426 2486 suh
440 2413 521 2484 basi
538 2414 738 2491 anterioris
756 2414 873 2512 partis
884 2411 966 2485 lobi
977 2415 1197 2511 posterioris
1210 2439 1308 2487 cere-
1383 2404 1385 2477 ἐ

304 2515 366 2607 bri
382 2530 526 2602 dexteri
541 2531 733 2629 aliquanto
750 2530 836 2631 plus
855 2532 1053 2605 inventum
1063 2547 1120 2604 est
1134 2531 1310 2628 ejusdem·

307 2646 412 2720 modi
432 2648 626 2745 sanguinis
646 2649 791 2746 pariter
816 2648 915 2733 inter
941 2663 1141 2746 utramque
1165 2651 1308 2723 menin-

307 2790 412 2869 gem:
444 2791 515 2837 nec
541 2763 751 2862 quidquam
776 2763 867 2836 alibi
891 2766 991 2837 intra
1010 2768 1180 2851 cranium
1208 2764 1309 2853 effusi

308 2883 502 2980 sanguinis
513 2898 707 2983 repertum
718 2897 774 2953 est
788 2897 928 2981 praeter
934 2882 973 2955 id
986 2883 1091 2981 quod
1104 2881 1199 2973 dixi,
1219 2883 1310 2963 duo·

296 3001 380 3072 ,bus
411 3000 560 3071 circiter
588 2998 848 3083 cochlearibus
873 2999 1158 3087 continendum.
1180 3002 1247 3073 His
1267 3002 1311 3072 ita

311 3116 487 3191 omnibus
516 3100 581 3215 qui
606 3117 781 3217 aderant,
799 3116 1084 3215 demonstratis,
1110 3132 1147 3189 et
1174 3118 1313 3215 reliqua

312 3220 462 3305 ostensa
481 3249 586 3324 sunt,
607 3236 786 3322 minoris,
802 3250 844 3307 ut
855 3235 1313 3333 visum,-momenti,quae

312 3351 389 3422 huc
400 3350 604 3451 redierunt.
618 3355 688 3422 Per
697 3368 852 3431 tenuem
860 3334 1075 3452 meningeut
1085 3352 1314 3431 translucens
1383 3404 1384 3447 ,

313 3469 453 3540 humor
472 3471 578 3566 quasi
592 3470 834 3567 gelatinosus.
852 3474 948 3542 Vasa
967 3495 1046 3541 non
1065 3471 1105 3541 in
1121 3452 1315 3542 medullari
1383 3450 1384 3469 ¹

316 3587 438 3663 solum
459 3587 689 3677 substantia,
705 3602 748 3660 ut
766 3589 930 3688 plurima
948 3588 1086 3685 passim
1100 3590 1314 3685 sanguinem

359 3948 403 4021 ii)
424 3949 460 4003 N.
479 3945 526 4002 25.
