<?xml version="1.0" encoding="UTF-8"?>
<!DOCTYPE html PUBLIC "-//W3C//DTD XHTML 1.0 Transitional//EN"
    "http://www.w3.org/TR/xhtml1/DTD/xhtml1-transitional.dtd">
<html xmlns="http://www.w3.org/1999/xhtml" xml:lang="en" lang="en">
 <head>
  <title>
</title>
<meta http-equiv="Content-Type" content="text/html;charset=utf-8" />
  <meta name='ocr-system' content='tesseract 3.04.00' />
  <meta name='ocr-capabilities' content='ocr_page ocr_carea ocr_par ocr_line ocrx_word'/>
</head>
<body>
  <div class='ocr_page' id='page_1' title='image "./desedibusetcaus06adelgoog_0264.png"; bbox 0 0 2774 4666; ppageno 0'>
   <div class='ocr_carea' id='block_1_1' title="bbox 187 420 1068 512">
    <p class='ocr_par' dir='ltr' id='par_1_1' title="bbox 187 420 1068 512">
     <span class='ocr_line' id='line_1_1' title="bbox 187 420 1068 512; baseline 0 -26"><span class='ocrx_word' id='word_1_1' title='bbox 187 438 256 486; x_wconf 79' lang='lat' dir='ltr'>mr.</span> <span class='ocrx_word' id='word_1_2' title='bbox 284 440 308 485; x_wconf 94' lang='lat'>1.</span> <span class='ocrx_word' id='word_1_3' title='bbox 338 435 863 500; x_wconf 75' lang='lat' dir='ltr'>neuouurs.our1rrs,ur1sr.</span> <span class='ocrx_word' id='word_1_4' title='bbox 891 432 939 483; x_wconf 85' lang='lat' dir='ltr'>rr.</span> <span class='ocrx_word' id='word_1_5' title='bbox 998 420 1068 512; x_wconf 71' lang='lat'>249</span> 
     </span>
    </p>
   </div>
   <div class='ocr_carea' id='block_1_2' title="bbox 66 551 1177 2880">
    <p class='ocr_par' dir='ltr' id='par_1_2' title="bbox 66 551 1177 2880">
     <span class='ocr_line' id='line_1_2' title="bbox 113 551 1065 650; baseline -0.002 -27"><span class='ocrx_word' id='word_1_6' title='bbox 113 554 221 629; x_wconf 87' lang='lat' dir='ltr'>Secui</span> <span class='ocrx_word' id='word_1_7' title='bbox 232 552 480 650; x_wconf 83' lang='lat' dir='ltr'>,inspectante</span> <span class='ocrx_word' id='word_1_8' title='bbox 488 553 676 637; x_wconf 85' lang='lat' dir='ltr'>Valsalva,</span> <span class='ocrx_word' id='word_1_9' title='bbox 690 551 951 623; x_wconf 79' lang='lat' dir='ltr'>ineunteanno</span> <span class='ocrx_word' id='word_1_10' title='bbox 964 552 1065 647; x_wconf 85' lang='lat'><strong>1705.</strong></span> 
     </span>
     <span class='ocr_line' id='line_1_3' title="bbox 67 668 1068 766; baseline -0.003 -23"><span class='ocrx_word' id='word_1_11' title='bbox 67 670 290 744; x_wconf 77' lang='lat' dir='ltr'>abdominis</span> <span class='ocrx_word' id='word_1_12' title='bbox 304 669 464 740; x_wconf 88' lang='lat' dir='ltr'>musculi</span> <span class='ocrx_word' id='word_1_13' title='bbox 471 668 616 766; x_wconf 80' lang='lat' dir='ltr'>optimo</span> <span class='ocrx_word' id='word_1_14' title='bbox 627 670 771 757; x_wconf 84' lang='lat' dir='ltr'>colore,</span> <span class='ocrx_word' id='word_1_15' title='bbox 781 683 823 739; x_wconf 87' lang='lat' dir='ltr'>ut</span> <span class='ocrx_word' id='word_1_16' title='bbox 831 682 866 738; x_wconf 85' lang='lat' dir='ltr'>et</span> <span class='ocrx_word' id='word_1_17' title='bbox 876 669 1068 766; x_wconf 84' lang='lat' dir='ltr'>pinguedo</span> 
     </span>
     <span class='ocr_line' id='line_1_4' title="bbox 66 785 1177 893; baseline -0.005 -33"><span class='ocrx_word' id='word_1_18' title='bbox 66 789 150 860; x_wconf 87' lang='lat' dir='ltr'>satis</span> <span class='ocrx_word' id='word_1_19' title='bbox 164 789 317 885; x_wconf 78' lang='lat' dir='ltr'>copiose</span> <span class='ocrx_word' id='word_1_20' title='bbox 335 787 425 884; x_wconf 88' lang='lat' dir='ltr'>ipsis</span> <span class='ocrx_word' id='word_1_21' title='bbox 442 786 633 885; x_wconf 87' lang='lat' dir='ltr'>imposita,</span> <span class='ocrx_word' id='word_1_22' title='bbox 650 801 762 884; x_wconf 88' lang='lat' dir='ltr'>atque</span> <span class='ocrx_word' id='word_1_23' title='bbox 777 786 986 893; x_wconf 68' lang='lat' dir='ltr'>interjecta:</span> <span class='ocrx_word' id='word_1_24' title='bbox 1002 785 1066 857; x_wconf 91' lang='lat' dir='ltr'>sed</span> <span class='ocrx_word' id='word_1_25' title='bbox 1172 786 1177 797; x_wconf 80' lang='lat'><em>&#39;</em></span> 
     </span>
     <span class='ocr_line' id='line_1_5' title="bbox 66 894 1069 1001; baseline -0.002 -27"><span class='ocrx_word' id='word_1_26' title='bbox 66 903 111 976; x_wconf 89' lang='lat' dir='ltr'>ad</span> <span class='ocrx_word' id='word_1_27' title='bbox 131 894 248 1001; x_wconf 84' lang='lat' dir='ltr'>spinae</span> <span class='ocrx_word' id='word_1_28' title='bbox 263 903 377 973; x_wconf 88' lang='lat' dir='ltr'>latera</span> <span class='ocrx_word' id='word_1_29' title='bbox 394 904 433 973; x_wconf 93' lang='lat' dir='ltr'>in</span> <span class='ocrx_word' id='word_1_30' title='bbox 449 902 606 990; x_wconf 89' lang='lat' dir='ltr'>lumbis,</span> <span class='ocrx_word' id='word_1_31' title='bbox 621 918 690 1001; x_wconf 90' lang='lat' dir='ltr'>pro</span> <span class='ocrx_word' id='word_1_32' title='bbox 706 902 934 1001; x_wconf 84' lang='lat' dir='ltr'>pinguedine</span> <span class='ocrx_word' id='word_1_33' title='bbox 946 905 984 974; x_wconf 91' lang='lat' dir='ltr'>in</span> <span class='ocrx_word' id='word_1_34' title='bbox 994 904 1069 974; x_wconf 90' lang='lat' dir='ltr'>cel·</span> 
     </span>
     <span class='ocr_line' id='line_1_6' title="bbox 67 1017 1069 1117; baseline 0.002 -27"><span class='ocrx_word' id='word_1_35' title='bbox 67 1019 152 1093; x_wconf 83' lang='lat' dir='ltr'>lulis</span> <span class='ocrx_word' id='word_1_36' title='bbox 180 1017 408 1095; x_wconf 78' lang='lat' dir='ltr'>membranae</span> <span class='ocrx_word' id='word_1_37' title='bbox 422 1019 583 1117; x_wconf 87' lang='lat' dir='ltr'>adiposae</span> <span class='ocrx_word' id='word_1_38' title='bbox 606 1043 701 1117; x_wconf 90' lang='lat' dir='ltr'>aqua</span> <span class='ocrx_word' id='word_1_39' title='bbox 714 1034 802 1093; x_wconf 86' lang='lat' dir='ltr'>erat.</span> <span class='ocrx_word' id='word_1_40' title='bbox 823 1019 942 1089; x_wconf 83' lang='lat' dir='ltr'>Colon</span> <span class='ocrx_word' id='word_1_41' title='bbox 959 1022 1069 1092; x_wconf 87' lang='lat' dir='ltr'>intes-</span> 
     </span>
     <span class='ocr_line' id='line_1_7' title="bbox 66 1134 1070 1234; baseline 0 -25"><span class='ocrx_word' id='word_1_42' title='bbox 66 1138 193 1209; x_wconf 83' lang='lat' dir='ltr'>tinum</span> <span class='ocrx_word' id='word_1_43' title='bbox 211 1137 261 1208; x_wconf 84' lang='lat' dir='ltr'>ab</span> <span class='ocrx_word' id='word_1_44' title='bbox 273 1136 428 1208; x_wconf 86' lang='lat' dir='ltr'>dextero</span> <span class='ocrx_word' id='word_1_45' title='bbox 446 1134 840 1234; x_wconf 85' lang='lat' dir='ltr'>hypochondrioinfra</span> <span class='ocrx_word' id='word_1_46' title='bbox 851 1135 1070 1209; x_wconf 81' lang='lat' dir='ltr'>umbilicum</span> 
     </span>
     <span class='ocr_line' id='line_1_8' title="bbox 68 1252 1071 1352; baseline -0.002 -26"><span class='ocrx_word' id='word_1_47' title='bbox 68 1278 103 1326; x_wconf 87' lang='lat' dir='ltr'>se</span> <span class='ocrx_word' id='word_1_48' title='bbox 113 1252 347 1341; x_wconf 63' lang='lat' dir='ltr'>demerebat,</span> <span class='ocrx_word' id='word_1_49' title='bbox 357 1253 724 1327; x_wconf 84' lang='lat' dir='ltr'>tenuibusintestiuis</span> <span class='ocrx_word' id='word_1_50' title='bbox 735 1256 987 1352; x_wconf 86' lang='lat' dir='ltr'>antepositum</span> <span class='ocrx_word' id='word_1_51' title='bbox 997 1254 1071 1339; x_wconf 64' lang='lat' dir='ltr'>,in-</span> 
     </span>
     <span class='ocr_line' id='line_1_9' title="bbox 68 1369 1070 1509; baseline 0 -69"><span class='ocrx_word' id='word_1_52' title='bbox 68 1370 192 1468; x_wconf 87' lang='lat' dir='ltr'>deque</span> <span class='ocrx_word' id='word_1_53' title='bbox 211 1396 250 1442; x_wconf 90' lang='lat' dir='ltr'>se</span> <span class='ocrx_word' id='word_1_54' title='bbox 278 1395 496 1459; x_wconf 78' lang='lat' dir='ltr'>recurvans,</span> <span class='ocrx_word' id='word_1_55' title='bbox 525 1369 858 1509; x_wconf 67' lang='lat' dir='ltr'>hypocbondrium</span> <span class='ocrx_word' id='word_1_56' title='bbox 878 1373 1070 1443; x_wconf 82' lang='lat' dir='ltr'>sinistrum</span> 
     </span>
     <span class='ocr_line' id='line_1_10' title="bbox 68 1486 1071 1588; baseline 0.002 -30"><span class='ocrx_word' id='word_1_57' title='bbox 68 1486 228 1584; x_wconf 88' lang='lat' dir='ltr'>petebat.</span> <span class='ocrx_word' id='word_1_58' title='bbox 252 1491 369 1562; x_wconf 88' lang='lat' dir='ltr'>Porro</span> <span class='ocrx_word' id='word_1_59' title='bbox 394 1491 591 1588; x_wconf 82' lang='lat' dir='ltr'>intestina,</span> <span class='ocrx_word' id='word_1_60' title='bbox 617 1487 787 1585; x_wconf 89' lang='lat' dir='ltr'>illudque</span> <span class='ocrx_word' id='word_1_61' title='bbox 806 1489 1007 1586; x_wconf 87' lang='lat' dir='ltr'>imprimis,</span> <span class='ocrx_word' id='word_1_62' title='bbox 1034 1502 1071 1561; x_wconf 85' lang='lat' dir='ltr'>et</span> 
     </span>
     <span class='ocr_line' id='line_1_11' title="bbox 68 1606 1070 1707; baseline 0 -31"><span class='ocrx_word' id='word_1_63' title='bbox 68 1628 188 1678; x_wconf 88' lang='lat' dir='ltr'>crassa</span> <span class='ocrx_word' id='word_1_64' title='bbox 208 1606 373 1707; x_wconf 88' lang='lat' dir='ltr'>reliqua,</span> <span class='ocrx_word' id='word_1_65' title='bbox 390 1609 494 1681; x_wconf 88' lang='lat' dir='ltr'>duris</span> <span class='ocrx_word' id='word_1_66' title='bbox 503 1608 565 1679; x_wconf 89' lang='lat' dir='ltr'>hic</span> <span class='ocrx_word' id='word_1_67' title='bbox 579 1606 655 1677; x_wconf 83' lang='lat' dir='ltr'>illic</span> <span class='ocrx_word' id='word_1_68' title='bbox 672 1607 914 1697; x_wconf 84' lang='lat' dir='ltr'>recrementis</span> <span class='ocrx_word' id='word_1_69' title='bbox 929 1607 1070 1677; x_wconf 86' lang='lat' dir='ltr'>disten-</span> 
     </span>
     <span class='ocr_line' id='line_1_12' title="bbox 69 1720 1099 1825; baseline 0.003 -33"><span class='ocrx_word' id='word_1_70' title='bbox 69 1720 265 1795; x_wconf 88' lang='lat' dir='ltr'>debantur.</span> <span class='ocrx_word' id='word_1_71' title='bbox 291 1731 415 1825; x_wconf 89' lang='lat' dir='ltr'>Hepar</span> <span class='ocrx_word' id='word_1_72' title='bbox 437 1726 602 1797; x_wconf 90' lang='lat' dir='ltr'>minimis</span> <span class='ocrx_word' id='word_1_73' title='bbox 620 1724 725 1823; x_wconf 87' lang='lat' dir='ltr'>pravi</span> <span class='ocrx_word' id='word_1_74' title='bbox 745 1724 883 1795; x_wconf 89' lang='lat' dir='ltr'>coloris</span> <span class='ocrx_word' id='word_1_75' title='bbox 900 1724 1072 1812; x_wconf 87' lang='lat' dir='ltr'>maculis,</span> <span class='ocrx_word' id='word_1_76' title='bbox 1090 1768 1099 1779; x_wconf 37' lang='lat' dir='ltr'><em>J</em></span> 
     </span>
     <span class='ocr_line' id='line_1_13' title="bbox 69 1826 1092 1939; baseline 0 -29"><span class='ocrx_word' id='word_1_77' title='bbox 69 1842 244 1939; x_wconf 84' lang='lat' dir='ltr'>variegati</span> <span class='ocrx_word' id='word_1_78' title='bbox 257 1844 598 1932; x_wconf 86' lang='lat' dir='ltr'>instarmarmoris,</span> <span class='ocrx_word' id='word_1_79' title='bbox 613 1826 932 1939; x_wconf 82' lang='lat' dir='ltr'>distinguebatur,</span> <span class='ocrx_word' id='word_1_80' title='bbox 942 1856 977 1913; x_wconf 88' lang='lat' dir='ltr'>et</span> <span class='ocrx_word' id='word_1_81' title='bbox 991 1865 1072 1939; x_wconf 87' lang='lat' dir='ltr'>gra·</span> <span class='ocrx_word' id='word_1_82' title='bbox 1090 1920 1092 1923; x_wconf 14' lang='lat'><strong>¹</strong></span> 
     </span>
     <span class='ocr_line' id='line_1_14' title="bbox 70 1959 1155 2057; baseline 0.001 -29"><span class='ocrx_word' id='word_1_83' title='bbox 70 1981 111 2028; x_wconf 91' lang='lat' dir='ltr'>ve</span> <span class='ocrx_word' id='word_1_84' title='bbox 133 1959 314 2056; x_wconf 87' lang='lat' dir='ltr'>quiddam</span> <span class='ocrx_word' id='word_1_85' title='bbox 331 1960 545 2048; x_wconf 87' lang='lat' dir='ltr'>subolebat,</span> <span class='ocrx_word' id='word_1_86' title='bbox 561 1960 838 2055; x_wconf 89' lang='lat' dir='ltr'>vesiculamquc</span> <span class='ocrx_word' id='word_1_87' title='bbox 854 1983 941 2031; x_wconf 91' lang='lat' dir='ltr'>cum</span> <span class='ocrx_word' id='word_1_88' title='bbox 954 1983 1071 2057; x_wconf 87' lang='lat' dir='ltr'>pauca</span> <span class='ocrx_word' id='word_1_89' title='bbox 1149 1959 1155 1965; x_wconf 75' lang='grc'><em>’</em></span> 
     </span>
     <span class='ocr_line' id='line_1_15' title="bbox 66 2072 1072 2175; baseline 0.004 -31"><span class='ocrx_word' id='word_1_90' title='bbox 66 2072 159 2163; x_wconf 86' lang='lat' dir='ltr'>bile,</span> <span class='ocrx_word' id='word_1_91' title='bbox 176 2079 282 2174; x_wconf 89' lang='lat' dir='ltr'>quasi</span> <span class='ocrx_word' id='word_1_92' title='bbox 295 2093 523 2153; x_wconf 84' lang='lat' dir='ltr'>contractam</span> <span class='ocrx_word' id='word_1_93' title='bbox 534 2077 697 2152; x_wconf 73' lang='lat' dir='ltr'>lubebat</span> <span class='ocrx_word' id='word_1_94' title='bbox 708 2079 849 2175; x_wconf 89' lang='lat' dir='ltr'>:ipsum</span> <span class='ocrx_word' id='word_1_95' title='bbox 857 2092 983 2149; x_wconf 88' lang='lat' dir='ltr'>tamen</span> <span class='ocrx_word' id='word_1_96' title='bbox 994 2102 1072 2148; x_wconf 92' lang='lat' dir='ltr'>non</span> 
     </span>
     <span class='ocr_line' id='line_1_16' title="bbox 71 2193 1072 2293; baseline 0 -31"><span class='ocrx_word' id='word_1_97' title='bbox 71 2207 146 2263; x_wconf 85' lang='lat' dir='ltr'>erat</span> <span class='ocrx_word' id='word_1_98' title='bbox 175 2193 307 2269; x_wconf 92' lang='lat' dir='ltr'>durius</span> <span class='ocrx_word' id='word_1_99' title='bbox 326 2219 441 2293; x_wconf 87' lang='lat' dir='ltr'>quam</span> <span class='ocrx_word' id='word_1_100' title='bbox 468 2195 603 2284; x_wconf 83' lang='lat' dir='ltr'>solcat;</span> <span class='ocrx_word' id='word_1_101' title='bbox 634 2195 699 2267; x_wconf 88' lang='lat' dir='ltr'>sed</span> <span class='ocrx_word' id='word_1_102' title='bbox 718 2194 916 2292; x_wconf 76' lang='lat' dir='ltr'>:aliquanto</span> <span class='ocrx_word' id='word_1_103' title='bbox 943 2194 1072 2289; x_wconf 86' lang='lat' dir='ltr'>majus.</span> 
     </span>
     <span class='ocr_line' id='line_1_17' title="bbox 70 2294 1073 2411; baseline 0.002 -31"><span class='ocrx_word' id='word_1_104' title='bbox 70 2313 113 2381; x_wconf 79' lang='lat' dir='ltr'>At</span> <span class='ocrx_word' id='word_1_105' title='bbox 137 2310 215 2382; x_wconf 84' lang='lat' dir='ltr'>lien</span> <span class='ocrx_word' id='word_1_106' title='bbox 245 2312 492 2411; x_wconf 76' lang='lat' dir='ltr'>pregrandis,</span> <span class='ocrx_word' id='word_1_107' title='bbox 520 2314 679 2409; x_wconf 87' lang='lat' dir='ltr'>visuque</span> <span class='ocrx_word' id='word_1_108' title='bbox 713 2294 862 2399; x_wconf 85' lang='lat' dir='ltr'>foedus,</span> <span class='ocrx_word' id='word_1_109' title='bbox 899 2336 970 2382; x_wconf 90' lang='lat' dir='ltr'>nec</span> <span class='ocrx_word' id='word_1_110' title='bbox 994 2312 1073 2383; x_wconf 87' lang='lat' dir='ltr'>sine</span> 
     </span>
     <span class='ocr_line' id='line_1_18' title="bbox 71 2429 1075 2528; baseline 0 -30"><span class='ocrx_word' id='word_1_111' title='bbox 71 2429 215 2527; x_wconf 89' lang='lat' dir='ltr'>magnis</span> <span class='ocrx_word' id='word_1_112' title='bbox 240 2429 464 2528; x_wconf 88' lang='lat' dir='ltr'>quibusdam</span> <span class='ocrx_word' id='word_1_113' title='bbox 492 2430 667 2528; x_wconf 87' lang='lat' dir='ltr'>oblongis</span> <span class='ocrx_word' id='word_1_114' title='bbox 684 2430 854 2518; x_wconf 85' lang='lat' dir='ltr'>maculis,</span> <span class='ocrx_word' id='word_1_115' title='bbox 882 2430 1002 2526; x_wconf 88' lang='lat' dir='ltr'>iisque</span> <span class='ocrx_word' id='word_1_116' title='bbox 1016 2430 1075 2498; x_wconf 90' lang='lat' dir='ltr'>ni·</span> 
     </span>
     <span class='ocr_line' id='line_1_19' title="bbox 72 2545 1130 2643; baseline 0.003 -27"><span class='ocrx_word' id='word_1_117' title='bbox 72 2546 164 2642; x_wconf 87' lang='lat' dir='ltr'>gris,</span> <span class='ocrx_word' id='word_1_118' title='bbox 198 2548 305 2643; x_wconf 88' lang='lat' dir='ltr'>quasi</span> <span class='ocrx_word' id='word_1_119' title='bbox 336 2546 384 2637; x_wconf 86' lang='lat' dir='ltr'>ab</span> <span class='ocrx_word' id='word_1_120' title='bbox 412 2547 705 2620; x_wconf 85' lang='lat' dir='ltr'>inflammatione</span> <span class='ocrx_word' id='word_1_121' title='bbox 729 2557 740 2615; x_wconf 91' lang='lat'>&#39;:</span> <span class='ocrx_word' id='word_1_122' title='bbox 775 2546 840 2618; x_wconf 91' lang='lat' dir='ltr'>sed</span> <span class='ocrx_word' id='word_1_123' title='bbox 866 2545 945 2615; x_wconf 83' lang='lat' dir='ltr'>haec</span> <span class='ocrx_word' id='word_1_124' title='bbox 979 2560 1075 2615; x_wconf 83' lang='lat' dir='ltr'>exte·</span> <span class='ocrx_word' id='word_1_125' title='bbox 1127 2618 1130 2619; x_wconf 10' lang='grc' dir='ltr'><em>γ</em></span> 
     </span>
     <span class='ocr_line' id='line_1_20' title="bbox 72 2642 1075 2764; baseline -0.001 -31"><span class='ocrx_word' id='word_1_126' title='bbox 72 2642 167 2752; x_wconf 89' lang='lat' dir='ltr'>rius;</span> <span class='ocrx_word' id='word_1_127' title='bbox 186 2687 275 2739; x_wconf 83' lang='lat' dir='ltr'>nam</span> <span class='ocrx_word' id='word_1_128' title='bbox 296 2665 398 2737; x_wconf 87' lang='lat' dir='ltr'>intus</span> <span class='ocrx_word' id='word_1_129' title='bbox 423 2665 578 2764; x_wconf 90' lang='lat' dir='ltr'>quidem</span> <span class='ocrx_word' id='word_1_130' title='bbox 602 2689 680 2735; x_wconf 90' lang='lat' dir='ltr'>non</span> <span class='ocrx_word' id='word_1_131' title='bbox 703 2665 799 2734; x_wconf 86' lang='lat' dir='ltr'>male</span> <span class='ocrx_word' id='word_1_132' title='bbox 818 2661 991 2733; x_wconf 88' lang='lat' dir='ltr'>habebat.</span> <span class='ocrx_word' id='word_1_133' title='bbox 1017 2663 1075 2732; x_wconf 88' lang='lat' dir='ltr'>Sc·</span> 
     </span>
     <span class='ocr_line' id='line_1_21' title="bbox 72 2779 1072 2880; baseline -0.002 -31"><span class='ocrx_word' id='word_1_134' title='bbox 72 2780 229 2857; x_wconf 86' lang='lat' dir='ltr'>miuales</span> <span class='ocrx_word' id='word_1_135' title='bbox 257 2807 411 2880; x_wconf 87' lang='lat' dir='ltr'>quoque</span> <span class='ocrx_word' id='word_1_136' title='bbox 435 2783 606 2855; x_wconf 83' lang='lat' dir='ltr'>vesiculae</span> <span class='ocrx_word' id='word_1_137' title='bbox 639 2784 801 2855; x_wconf 85' lang='lat' dir='ltr'>exterius</span> <span class='ocrx_word' id='word_1_138' title='bbox 827 2779 1072 2877; x_wconf 89' lang='lat' dir='ltr'>nigricabant.</span> 
     </span>
    </p>
   </div>
   <div class='ocr_carea' id='block_1_3' title="bbox 70 2894 1282 2999">
    <p class='ocr_par' dir='ltr' id='par_1_3' title="bbox 70 2894 1282 2999">
     <span class='ocr_line' id='line_1_22' title="bbox 70 2894 1282 2999; baseline -0.003 -32"><span class='ocrx_word' id='word_1_139' title='bbox 70 2897 265 2971; x_wconf 86' lang='lat' dir='ltr'>Testiculis</span> <span class='ocrx_word' id='word_1_140' title='bbox 279 2924 371 2971; x_wconf 85' lang='lat' dir='ltr'>vero</span> <span class='ocrx_word' id='word_1_141' title='bbox 387 2900 544 2999; x_wconf 83' lang='lat' dir='ltr'>singulis</span> <span class='ocrx_word' id='word_1_142' title='bbox 560 2901 659 2970; x_wconf 85' lang='lat' dir='ltr'>intra</span> <span class='ocrx_word' id='word_1_143' title='bbox 668 2899 786 2999; x_wconf 88' lang='lat' dir='ltr'>ipsam</span> <span class='ocrx_word' id='word_1_144' title='bbox 796 2894 1003 2994; x_wconf 84' lang='lat' dir='ltr'>vaginalem</span> <span class='ocrx_word' id='word_1_145' title='bbox 1018 2905 1076 2965; x_wconf 86' lang='lat' dir='ltr'>tu·</span> <span class='ocrx_word' id='word_1_146' title='bbox 1099 2970 1106 2983; x_wconf 36' lang='lat'>¹</span> <span class='ocrx_word' id='word_1_147' title='bbox 1159 2957 1166 2963; x_wconf 82' lang='lat'><em>.</em></span> <span class='ocrx_word' id='word_1_148' title='bbox 1278 2896 1282 2988; x_wconf 74' lang='lat' dir='ltr'><strong>j</strong></span> 
     </span>
    </p>
   </div>
   <div class='ocr_carea' id='block_1_4' title="bbox 23 3014 1139 4053">
    <p class='ocr_par' dir='ltr' id='par_1_4' title="bbox 23 3014 1139 4053">
     <span class='ocr_line' id='line_1_23' title="bbox 71 3014 1078 3116; baseline -0.004 -30"><span class='ocrx_word' id='word_1_149' title='bbox 71 3015 196 3087; x_wconf 87' lang='lat' dir='ltr'>nicam</span> <span class='ocrx_word' id='word_1_150' title='bbox 214 3015 369 3114; x_wconf 73' lang='lat' dir='ltr'>singule</span> <span class='ocrx_word' id='word_1_151' title='bbox 385 3033 492 3090; x_wconf 86' lang='lat' dir='ltr'>erant</span> <span class='ocrx_word' id='word_1_152' title='bbox 503 3016 702 3116; x_wconf 86' lang='lat' dir='ltr'>hydatides</span> <span class='ocrx_word' id='word_1_153' title='bbox 718 3014 981 3115; x_wconf 80' lang='lat' dir='ltr'>superpositae,</span> <span class='ocrx_word' id='word_1_154' title='bbox 1003 3037 1078 3083; x_wconf 91' lang='lat' dir='ltr'>ma·</span> 
     </span>
     <span class='ocr_line' id='line_1_24' title="bbox 72 3131 1139 3233; baseline -0.002 -29"><span class='ocrx_word' id='word_1_155' title='bbox 72 3157 172 3231; x_wconf 88' lang='lat' dir='ltr'>guae,</span> <span class='ocrx_word' id='word_1_156' title='bbox 190 3131 257 3205; x_wconf 86' lang='lat' dir='ltr'>sed</span> <span class='ocrx_word' id='word_1_157' title='bbox 276 3133 397 3230; x_wconf 87' lang='lat' dir='ltr'>major</span> <span class='ocrx_word' id='word_1_158' title='bbox 412 3160 495 3233; x_wconf 88' lang='lat' dir='ltr'>quae</span> <span class='ocrx_word' id='word_1_159' title='bbox 514 3135 683 3221; x_wconf 89' lang='lat' dir='ltr'>sinistro,</span> <span class='ocrx_word' id='word_1_160' title='bbox 701 3131 869 3204; x_wconf 90' lang='lat' dir='ltr'>medium</span> <span class='ocrx_word' id='word_1_161' title='bbox 890 3145 1076 3220; x_wconf 86' lang='lat' dir='ltr'>tenentes,</span> <span class='ocrx_word' id='word_1_162' title='bbox 1136 3143 1139 3147; x_wconf 86' lang='grc'><strong>’</strong></span> 
     </span>
     <span class='ocr_line' id='line_1_25' title="bbox 71 3247 1076 3350; baseline -0.003 -29"><span class='ocrx_word' id='word_1_163' title='bbox 71 3264 108 3321; x_wconf 87' lang='lat' dir='ltr'>et</span> <span class='ocrx_word' id='word_1_164' title='bbox 119 3248 175 3322; x_wconf 87' lang='lat' dir='ltr'>ab</span> <span class='ocrx_word' id='word_1_165' title='bbox 191 3252 298 3327; x_wconf 87' lang='lat' dir='ltr'>omni</span> <span class='ocrx_word' id='word_1_166' title='bbox 305 3247 421 3323; x_wconf 85' lang='lat' dir='ltr'>ferme</span> <span class='ocrx_word' id='word_1_167' title='bbox 432 3267 538 3350; x_wconf 88' lang='lat' dir='ltr'>parte</span> <span class='ocrx_word' id='word_1_168' title='bbox 553 3252 681 3325; x_wconf 77' lang='lat' dir='ltr'>solutae</span> <span class='ocrx_word' id='word_1_169' title='bbox 696 3274 738 3322; x_wconf 90' lang='lat' dir='ltr'>ac</span> <span class='ocrx_word' id='word_1_170' title='bbox 748 3249 874 3321; x_wconf 83' lang='lat' dir='ltr'>liberae</span> <span class='ocrx_word' id='word_1_171' title='bbox 890 3275 897 3318; x_wconf 93' lang='lat'>:</span> <span class='ocrx_word' id='word_1_172' title='bbox 914 3273 1076 3345; x_wconf 88' lang='lat' dir='ltr'>quarum</span> 
     </span>
     <span class='ocr_line' id='line_1_26' title="bbox 71 3363 1078 3463; baseline 0 -26"><span class='ocrx_word' id='word_1_173' title='bbox 71 3363 213 3440; x_wconf 85' lang='lat' dir='ltr'>humor</span> <span class='ocrx_word' id='word_1_174' title='bbox 227 3369 268 3438; x_wconf 90' lang='lat' dir='ltr'>in</span> <span class='ocrx_word' id='word_1_175' title='bbox 282 3365 480 3441; x_wconf 46' lang='lat' dir='ltr'>cochleari*</span> <span class='ocrx_word' id='word_1_176' title='bbox 490 3393 535 3440; x_wconf 85' lang='lat' dir='ltr'>ex</span> <span class='ocrx_word' id='word_1_177' title='bbox 553 3366 745 3440; x_wconf 89' lang='lat' dir='ltr'>orichalco</span> <span class='ocrx_word' id='word_1_178' title='bbox 761 3368 840 3463; x_wconf 89' lang='lat' dir='ltr'>igni</span> <span class='ocrx_word' id='word_1_179' title='bbox 861 3366 1078 3463; x_wconf 87' lang='lat' dir='ltr'>impositus,</span> 
     </span>
     <span class='ocr_line' id='line_1_27' title="bbox 70 3483 1078 3583; baseline 0 -31"><span class='ocrx_word' id='word_1_180' title='bbox 70 3505 152 3553; x_wconf 89' lang='lat' dir='ltr'>non</span> <span class='ocrx_word' id='word_1_181' title='bbox 177 3484 391 3571; x_wconf 84' lang='lat' dir='ltr'>concrevit3</span> <span class='ocrx_word' id='word_1_182' title='bbox 414 3483 480 3557; x_wconf 88' lang='lat' dir='ltr'>sed</span> <span class='ocrx_word' id='word_1_183' title='bbox 508 3484 639 3557; x_wconf 87' lang='lat' dir='ltr'>relicta</span> <span class='ocrx_word' id='word_1_184' title='bbox 660 3484 823 3583; x_wconf 86' lang='lat' dir='ltr'>quadam</span> <span class='ocrx_word' id='word_1_185' title='bbox 843 3485 951 3580; x_wconf 89' lang='lat' dir='ltr'>quasi</span> <span class='ocrx_word' id='word_1_186' title='bbox 971 3483 1078 3581; x_wconf 89' lang='lat' dir='ltr'>pelli·</span> 
     </span>
     <span class='ocr_line' id='line_1_28' title="bbox 71 3597 1081 3689; baseline -0.001 -20"><span class='ocrx_word' id='word_1_187' title='bbox 71 3597 175 3688; x_wconf 91' lang='lat' dir='ltr'>cula,</span> <span class='ocrx_word' id='word_1_188' title='bbox 196 3602 357 3675; x_wconf 82' lang='lat' dir='ltr'>evanuit.</span> <span class='ocrx_word' id='word_1_189' title='bbox 390 3605 574 3675; x_wconf 75' lang='lat' dir='ltr'>ceterum</span> <span class='ocrx_word' id='word_1_190' title='bbox 599 3601 640 3674; x_wconf 91' lang='lat' dir='ltr'>in</span> <span class='ocrx_word' id='word_1_191' title='bbox 665 3602 827 3689; x_wconf 86' lang='lat' dir='ltr'>ventris,</span> <span class='ocrx_word' id='word_1_192' title='bbox 853 3615 891 3671; x_wconf 89' lang='lat' dir='ltr'>et</span> <span class='ocrx_word' id='word_1_193' title='bbox 915 3597 1081 3670; x_wconf 82' lang='lat' dir='ltr'>thoracis</span> 
     </span>
     <span class='ocr_line' id='line_1_29' title="bbox 23 3709 1080 3817; baseline 0 -34"><span class='ocrx_word' id='word_1_194' title='bbox 23 3715 28 3721; x_wconf 81' lang='grc'><em>’</em></span> <span class='ocrx_word' id='word_1_195' title='bbox 71 3737 165 3785; x_wconf 87' lang='lat' dir='ltr'>cavo</span> <span class='ocrx_word' id='word_1_196' title='bbox 179 3739 276 3813; x_wconf 93' lang='lat' dir='ltr'>aqua</span> <span class='ocrx_word' id='word_1_197' title='bbox 290 3740 420 3817; x_wconf 88' lang='lat' dir='ltr'>pauca.</span> <span class='ocrx_word' id='word_1_198' title='bbox 440 3717 669 3791; x_wconf 81' lang='lat' dir='ltr'>Pulmonum</span> <span class='ocrx_word' id='word_1_199' title='bbox 689 3709 819 3790; x_wconf 83' lang='lat' dir='ltr'>dexter</span> <span class='ocrx_word' id='word_1_200' title='bbox 835 3713 1008 3802; x_wconf 83' lang='lat' dir='ltr'>inferius,</span> <span class='ocrx_word' id='word_1_201' title='bbox 1034 3714 1080 3785; x_wconf 92' lang='lat' dir='ltr'>si·</span> 
     </span>
     <span class='ocr_line' id='line_1_30' title="bbox 69 3828 1078 3933; baseline -0.004 -29"><span class='ocrx_word' id='word_1_202' title='bbox 69 3834 193 3906; x_wconf 83' lang='lat' dir='ltr'>nister</span> <span class='ocrx_word' id='word_1_203' title='bbox 208 3834 401 3933; x_wconf 90' lang='lat' dir='ltr'>superius,</span> <span class='ocrx_word' id='word_1_204' title='bbox 415 3833 478 3906; x_wconf 87' lang='lat' dir='ltr'>ille</span> <span class='ocrx_word' id='word_1_205' title='bbox 492 3832 723 3932; x_wconf 86' lang='lat' dir='ltr'>posteriore,</span> <span class='ocrx_word' id='word_1_206' title='bbox 737 3830 799 3900; x_wconf 93' lang='lat' dir='ltr'>hic</span> <span class='ocrx_word' id='word_1_207' title='bbox 816 3830 959 3904; x_wconf 86' lang='lat' dir='ltr'>laterali</span> <span class='ocrx_word' id='word_1_208' title='bbox 968 3828 1078 3917; x_wconf 86' lang='lat' dir='ltr'>facie,</span> 
     </span>
     <span class='ocr_line' id='line_1_31' title="bbox 70 3946 1079 4053; baseline -0.005 -32"><span class='ocrx_word' id='word_1_209' title='bbox 70 3974 230 4046; x_wconf 87' lang='lat' dir='ltr'>magnos</span> <span class='ocrx_word' id='word_1_210' title='bbox 248 3946 295 4026; x_wconf 83' lang='lat' dir='ltr'>ad</span> <span class='ocrx_word' id='word_1_211' title='bbox 314 3965 457 4027; x_wconf 79' lang='lat' dir='ltr'>tractus</span> <span class='ocrx_word' id='word_1_212' title='bbox 474 3974 543 4050; x_wconf 89' lang='lat' dir='ltr'>per</span> <span class='ocrx_word' id='word_1_213' title='bbox 560 3947 652 4025; x_wconf 82' lang='lat' dir='ltr'>telas</span> <span class='ocrx_word' id='word_1_214' title='bbox 666 3948 926 4024; x_wconf 76' lang='lat' dir='ltr'>membraneus</span> <span class='ocrx_word' id='word_1_215' title='bbox 939 3946 1079 4053; x_wconf 85' lang='lat' dir='ltr'>pleurae</span> 
     </span>
    </p>
   </div>
   <div class='ocr_carea' id='block_1_5' title="bbox 0 0 1400 4666">
    <p class='ocr_par' dir='ltr' id='par_1_5' title="bbox 0 0 1400 4666">
     <span class='ocr_line' id='line_1_32' title="bbox 0 0 1400 4666; baseline 0 0"><span class='ocrx_word' id='word_1_216' title='bbox 0 0 1400 4666; x_wconf 95' lang='lat' dir='ltr'> </span> 
     </span>
    </p>
   </div>
  </div>
 </body>
</html>
