2774 4670
292 440 364 532 474
457 459 504 504 nn
529 455 674 505 srnrnus
698 457 743 503 ur
768 455 891 505 causis
916 454 1125 505 nonnonuu

292 570 480 659 curaudae,
500 571 643 641 mentio
663 568 800 642 diserte
818 568 883 641 fiat
908 570 1009 643 libro
1022 576 1058 642 11
1080 570 1295 642 Praedictio·

291 714 384 761 uum
401 689 471 787 (ι),
486 690 553 787 qui
567 689 597 760 si
615 689 858 785 Hippocratis
869 714 947 760 non
963 703 1039 776 est,
1053 703 1090 759 at
1106 703 1185 759 tarn
1199 703 1299 759 vete·

291 809 359 894 ris,
377 821 559 903 tantoque
571 807 611 877 in
621 806 745 903 pretio
757 804 875 877 habiti
891 808 1092 904 Scriptoris
1108 818 1298 893 cernon,

291 939 334 994 ut
351 924 413 995 itte
431 922 545 1019 hujus
562 924 668 994 iocus
681 947 702 992 a
716 923 823 994 Celso
833 922 887 1020 (a)
905 921 1068 996 fueritin
1083 948 1149 995 sua
1161 925 1297 1020 scripta

292 1041 339 1112 ad
356 1041 460 1112 buno
476 1040 632 1115 modurn
647 1042 849 1114 translatus
864 1069 873 1110 :
892 1047 1020 1140 inquo
1035 1044 1086 1113 ab
1098 1055 1298 1139 unaparte

293 1163 461 1256 corporis
475 1164 656 1230 venientis
672 1165 892 1230 accessionis
909 1159 1057 1256 (morbi
1077 1154 1298 1252 comitialis)

292 1298 418 1347 sensus
435 1282 577 1374 incipit,
589 1282 769 1375 optimum
778 1291 834 1346 est
848 1303 873 1346 a
887 1279 1058 1349 monibus
1060 1276 1300 1376 pedibusque

292 1391 1298 1492 initiumfiari:deindealateribus‚pessimuminterhaeo

217 1520 220 1535 ⁴
293 1537 318 1580 a
328 1518 459 1610 capite.
475 1511 589 1606 Cujus
598 1512 854 1583 vetustissima
866 1511 1209 1609 praedictionisvim
1225 1534 1297 1586 non

293 1630 382 1700 satis
392 1625 546 1700 fortame
560 1628 916 1717 attenditWillisius‚
933 1631 999 1727 qui
1012 1629 1094 1701 illas
1106 1630 1210 1727 ipsas
1222 1653 1298 1726 qua

293 1746 443 1817 aliunde
462 1768 576 1843 quam
594 1771 614 1815 a
632 1747 752 1843 capite
768 1745 947 1818 videntur
955 1748 1143 1844 incipere,
1158 1748 1298 1844 epilen

294 1864 364 1934 sias
376 1886 453 1934 non
468 1887 559 1943 roro
578 1888 599 1934 a
614 1860 772 1935 cerebro
789 1866 881 1935 oriri
898 1862 1114 1953 contendit,
1129 1878 1174 1934 ut
1186 1863 1299 1935 habes

279 1978 331 2050 'in
350 1980 597 2076 Sepulcbreto
608 1979 673 2078 (3).
689 1981 802 2071 Quod
812 1998 853 2053 ut
863 1981 1065 2079 aliquando
1076 1979 1165 2067 fiat,
1179 1981 1298 2051 mttlto

292 2113 418 2168 tamen
429 2100 551 2169 rarius
563 2122 676 2195 quarn
692 2100 771 2197 ipse
783 2100 986 2187 existimat,
1003 2097 1104 2187 fieri,
1122 2122 1214 2169 cum
1229 2122 1300 2169 me·

294 2229 452 2300 morata,
472 2230 540 2285 ota
559 2214 714 2287 medicis
728 2215 951 2287 confirmata
965 2215 1160 2313 praedictio
1179 2215 1298 2301 docet,

293 2346 375 2402 turn
394 2329 702 2428 frequentissima
722 2320 992 2430 comprobant,
1012 2334 1160 2404 sirecte
1183 2348 1299 2404 atten-

296 2448 451 2535 dantur,
472 2448 765 2522 obsorvationes.
785 2453 887 2540 Quas
905 2476 958 2522 ne·
972 2449 1126 2520 aliunde
1151 2470 1298 2548 quama

294 2567 792 2664 Sepulchreto‚aocipiamus
803 2593 812 2655 3
823 2567 1296 2665 vide‚quaeso‚Tulpiauant

293 2682 395 2754 illam
410 2683 465 2779 (Δ)
484 2684 680 2757 comitialis
696 2684 822 2755 morbi
841 2687 906 2783 qui
923 2684 1159 2757 excitabatur
1166 2710 1296 2783 pressa

300 2800 359 2871 vei
373 2798 455 2873 solo
475 2800 591 2896 digito
611 2807 761 2896 regione
777 2802 900 2890 lienis,
918 2817 1001 2873 tum
1016 2801 1173 2872 alteram
1188 2802 1252 2900 (5),
1265 2816 1297 2872 et

294 2917 439 2987 tertiam
458 2940 613 3014 quoque
628 2917 683 3013 (6)
698 2917 865 3012 ejusdem
882 2917 1008 2988 morbi
1021 2919 1074 2989 sic
1086 2919 1294 3016 incipientis

294 3057 314 3102 a
333 3032 439 3129 pedis
454 3048 519 3104 aut
537 3033 683 3130 planta,
705 3048 769 3105 aut
786 3035 941 3132 pollice3
962 3048 1003 3106 ut
1027 3036 1058 3106 si
1081 3037 1294 3134 tempestive

295 3164 436 3220 arctum
459 3152 560 3220 cruri
575 3151 767 3222 vinculum
786 3152 1020 3247 injiceretur,
1041 3152 1207 3225 morbus
1226 3172 1293 3223 non

398 3797 523 3853 Ibidem.
541 3796 574 3852 in
585 3794 687 3853 schot.
700 3797 739 3854 ad
751 3796 816 3854 obs.
829 3799 878 3875 39.

398 3897 471 3953 Obs.
489 3902 527 3964 44
546 3895 579 3950 in
591 3898 729 3971 Append.
788 3912 790 3921 ’
864 3902 866 3909 “

333 3996 378 4073 (6)
397 3999 434 4052 In
448 3995 553 4053 Addit.
567 3995 633 4054 obs.
650 3995 666 4053 5
679 3998 711 4053 in
722 3995 773 4052 fin.
