2798 4668
229 448 297 494 nm.
325 447 349 491 1.
378 445 424 491 nn
450 444 586 491 nonnis
611 443 768 508 ωιτη,
794 442 904 492 nmsr.
932 444 996 491 ιη.
1050 417 1119 517 587

106 578 176 650 -ta,
200 562 386 658 insignem
407 558 507 629 illam
531 558 694 631 exterius
718 582 941 646 convexam,
965 559 1122 631 interius

109 703 245 750 cavam
281 674 606 775 pmtubemntiam
634 690 796 772 utroque
825 678 865 746 in
895 677 1011 749 latere
1039 671 1122 748 effi·

115 799 238 883 ciant,
260 819 335 894 qua
359 792 466 866 faciei
489 794 745 884 latitudinem,
772 809 809 865 et
835 796 952 866 cranii
974 796 1121 893 capaci-

112 928 232 985 tatem
250 938 329 982 non
342 936 475 1009 parum
499 913 625 1010 augeri
641 910 814 984 diximus.
830 914 1003 1010 Denique
1016 937 1121 1010 squa-

115 1031 235 1103 mosis
261 1030 419 1129 singuiis
439 1028 660 1127 temporalis
683 1032 778 1102 ossis
801 1028 1041 1127 portionibus
1054 1053 1120 1126 pe-

116 1164 229 1219 trosae
260 1171 412 1244 quoquo
440 1150 637 1246 portiones
658 1144 892 1246 respondent
918 1171 990 1219 suae
1017 1173 1026 1215 z
1054 1146 1120 1218 sed

113 1288 338 1363 quanquam
356 1288 439 1336 ossa
455 1279 671 1363 temporum
691 1266 818 1336 cranio
837 1264 1036 1363 posteriori
1050 1289 1122 1335 ma·

111 1385 200 1479 jora
221 1384 469 1482 contigerint,
487 1397 613 1457 tamen
631 1386 673 1454 in
689 1383 841 1455 duobus
865 1383 1047 1457 duntaxat
1058 1407 1120 1454 an·

114 1499 321 1572 tenoribus
335 1499 564 1578 „membrana
584 1503 753 1600 tympani
777 1526 864 1572 cum
884 1525 953 1573 suo
978 1498 1120 1571 annulo

114 1633 283 1717 apparet.
297 1616 419 1690 Habes
427 1619 720 1716 descriptionem
731 1618 834 1690 haud
842 1620 1005 1716 vulgaris
1016 1642 1122 1687 mon-

115 1736 278 1824 stri3sed
287 1738 446 1808 monstri
456 1736 743 1835 hydrocephali:
753 1753 794 1809 ut
802 1751 1001 1835 postquam
1012 1760 1120 1807 mon-

116 1870 274 1927 struosae
287 1855 547 1927 constitutioni
559 1871 615 1926 tot
629 1857 875 1954 assignaveris
882 1870 976 1953 quot
991 1854 1121 1927 volue-

115 1973 171 2044 ris
180 2000 201 2063 3-
210 1974 319 2071 plura
331 1989 457 2045 tamen
470 1976 676 2073 supersint,
689 1977 729 2046 in
749 1976 867 2047 cranii
881 1976 1019 2046 ossium
1034 1972 1122 2044 alio·

116 2093 462 2167 rum'ineremento
488 2091 704 2189 prohibito,
732 2092 892 2164 aliorum
911 2090 1122 2191 depressio·

117 2234 191 2294 ne,
210 2207 371 2281 aliorum
387 2209 427 2278 in
449 2209 545 2283 latus
563 2211 809 2309 impulsione,
828 2226 865 2283 et
881 2209 1122 2296 diductione,

117 2351 202 2424 quae
220 2326 370 2424 urgenti
386 2327 423 2411 vi
441 2350 545 2423 aquae
562 2326 729 2398 tribuere
745 2326 892 2400 debeas.

169 2444 203 2515 8.
224 2442 337 2533 Quod
357 2447 387 2516 si
405 2470 503 2542 aqua
516 2446 654 2518 sensim
671 2447 711 2514 in
728 2445 1013 2544 hydrocephalo
1030 2472 1123 2518 con·

119 2577 222 2660 gesta
233 2562 292 2632 vel
306 2564 345 2632 in
357 2563 436 2660 ipsa
452 2560 564 2634 seems
578 2586 661 2634 ossa
672 2579 819 2634 tantum
834 2579 959 2661 potest
974 2618 984 2651 ,
1002 2588 1123 2662 quan-

118 2695 161 2753 to
179 2680 264 2777 pius
280 2683 420 2778 poterit
435 2682 474 2750 in
488 2681 769 2770 mollissimum,
786 2696 824 2752 et
837 2705 936 2779 pene
949 2679 1123 2754 diffluens

119 2797 289 2893 ejusdem
307 2796 526 2869 cerebrum!
542 2802 638 2871 Nam
650 2800 732 2870 siin
750 2824 870 2896 puero
883 2814 1042 2897 septem,
1059 2814 1123 2870 aut

120 2930 210 2986 octo
226 2940 414 2986 annorum
435 2940 551 3014 quem
571 2914 873 3012 Hunauidius(1)
893 2915 1027 3003 secuit,
1044 2939 1123 2985 non

120 3030 238 3104 modo
254 3036 294 3103 in
312 3035 470 3122 trienni,
488 3059 624 3132 quem,
642 3049 685 3106 ut
703 3032 820 3104 habes
842 3034 880 3102 in
897 3030 1123 3127 sepulchre-

121 3166 163 3222 to
177 3151 246 3249 (a),
263 3152 460 3242 Hildanus,
474 3155 524 3224 ita
535 3152 735 3224 cerebrum
750 3150 982 3237 extenderat,
997 3165 1039 3220 ut
1052 3155 1123 3229 cir,-

124 3270 414 3341 cunwolutiones
426 3284 463 3340 et
474 3276 560 3367 gyri
574 3297 651 3341 non
666 3274 977 3367 conspicerentur,
1000 3267 1064 3364 qui
1083 3268 1122 3336 in

122 3387 203 3482 ejus
224 3387 392 3484 alioquin
410 3387 607 3485 superficie
622 3386 800 3488 profundi
813 3402 918 3474 sunt,
929 3385 1029 3457 unde
1044 3386 1122 3458 haec

120 3518 211 3573 tunc
225 3504 361 3600 possit,
373 3520 558 3601 quantum
569 3506 686 3576 cranii
697 3506 874 3602 angustiae
889 3504 1123 3601 permittunt,

122 3615 366 3716 amplificari3
396 3622 488 3719 quid
512 3647 590 3693 non
609 3637 694 3719 aget
712 3622 751 3693 in
772 3621 882 3694 foetus
905 3620 1124 3709 cerebrum,

165 3904 208 3979 (1)
230 3906 320 3959 Mem.
337 3905 373 3960 de
385 3903 495 3960 l’Acad.
511 3907 553 3960 Μ.
568 3905 618 3962 des
636 3906 684 3963 Sc.
698 3925 747 3961 an.
766 3912 851 3978 1740.
889 3934 894 3943 ·

163 4002 207 4079 (a)
228 4006 305 4060 Sect.
321 4000 376 4061 hac
395 4005 446 4074 16,
461 4004 525 4060 obs.
543 4004 590 4059 16.
