2780 4666
288 442 357 517 332
424 469 497 524 ‚nr
522 468 667 518 srnmus
691 469 736 516 nr
761 468 884 518 causis
908 468 1119 518 uoneoauu

289 581 359 653 sub
376 582 480 654 tenui
492 583 673 681 meninge
698 581 790 653 illud
817 582 1066 681 repetendum
1085 598 1166 655 erat
1186 584 1292 681 quasi

287 721 485 770 mucosum
499 718 516 788 ;·
534 724 698 796 namque
730 701 958 797 inspeciem
989 716 1068 772 erat
1095 701 1287 797 gelatina,

287 836 417 886 revera
436 839 534 910 aqua
548 813 662 887 ssuida
682 842 689 883 :
710 829 746 885 et
763 814 951 912 quidquid
968 818 1112 888 mu'eosi
1137 839 1289 914 appare-

289 929 372 1019 bat,
390 930 436 1001 ad
462 930 647 1018 divulsas,
666 929 903 1002 distractasve
920 933 1108 1029 meningis
1125 932 1289 1031 particu-

211 1132 215 1141 ,
288 1047 364 1135 las,
378 1045 566 1145 fibrasque
587 1046 786 1145 spectabat.
803 1050 925 1137 Quam
940 1051 1102 1146 speciem
1121 1063 1159 1119 et
1176 1047 1287 1137 mihi,

289 1178 326 1233 et
349 1163 428 1234 aliis
445 1165 664 1261 imposuisse
685 1164 877 1235 interdum
897 1190 976 1235 non
992 1164 1127 1235 dubito
1143 1191 1151 1232 :
1168 1189 1285 1262 quan·

287 1303 401 1375 quam
419 1281 670 1376 suspicionem
684 1281 839 1375 injicere
857 1279 1049 1351 debuisset
1070 1278 1283 1378 Wepferus,

285 1396 351 1491 qui
369 1418 455 1465 cum
472 1395 676 1490 galaticam
692 1393 833 1465 ibidem
854 1396 1106 1493 conspexisset
1129 1421 1212 1466 non
1233 1419 1283 1468 se·
1382 1394 1383 1411 ¹

285 1512 360 1583 mel
370 1510 440 1607 (1),
454 1508 665 1597 adnotavit,
681 1509 755 1579 hac
765 1509 914 1582 cultello
930 1517 1124 1597 sauciata,
1143 1537 1281 1609 aquam
1382 1590 1383 1593 Ἴ

284 1627 498 1698 exstillasse.
509 1630 594 1699 Non
607 1627 798 1698 adnotavit
813 1627 986 1725 quidem,
1002 1626 1105 1698 uude
1118 1628 1183 1698 illa
1197 1630 1281 1700 exis·
1382 1656 1383 1681 ¹

285 1759 382 1815 teret
402 1746 553 1843 species.
572 1744 644 1815 Sed
659 1769 784 1841 neque
801 1769 871 1841 ego
887 1768 973 1815 cum
983 1743 1085 1815 unde
1101 1745 1281 1832 existeret,
1382 1744 1383 1831 i

286 1862 552 1949 animadverti3
578 1860 624 1933 de
654 1868 742 1932 vera
774 1862 874 1933 illius
902 1861 988 1933 sede
1009 1861 1197 1933 sollicitus,
1212 1858 1279 1930 fui:

240 2050 249 2061 ,
288 1977 393 2074 quod
409 1978 544 2049 diserte
562 1979 624 2047 hic
642 1978 709 2049 tibi
723 1976 1008 2077 significandum
1021 2002 1099 2049 esse
1115 2031 1131 2066 ,s
1146 1978 1284 2065 censui,
1382 1984 1383 2013 *

287 2109 329 2165 ut
346 2092 661 2193 quandocumque
676 2098 714 2166 in
729 2096 787 2167 his
805 2095 970 2194 epistolis
987 2119 1125 2192 aquam
1145 2095 1215 2167 sub
1235 2111 1282 2166 te·
1382 2122 1383 2163 z

286 2212 354 2280 nui
375 2213 550 2309 meninge
580 2211 779 2284 offendisse
804 2238 883 2299 me,
903 2213 1084 2301 scribam,
1103 2227 1170 2283 aut
1189 2236 1284 2282 eam·
1382 2202 1383 2229 ³

287 2328 604 2427 dem'meningem
620 2333 657 2400 in
675 2332 719 2412 iu
739 2330 892 2428 quidem
910 2330 1001 2400 locis
1018 2329 1282 2418 nominab0,in

287 2440 426 2541 quibus
442 2443 575 2518 natura
590 2446 636 2519 ab
651 2472 694 2519 ea
713 2473 791 2518 non
811 2447 990 2543 disjunxit
1006 2445 1283 2533 arachnoidem,

287 2588 368 2633 uno
384 2564 592 2662 eodemque
611 2567 785 2654 nomine,
805 2580 975 2634 veterum
993 2589 1121 2652 more,
1145 2579 1285 2635 utram·
1382 2604 1383 2631 1

286 2705 360 2776 que
380 2682 690 2780 comprehensam
708 2681 912 2779 intelligas,
929 2695 966 2752 et
982 2706 1130 2752 memor
1149 2696 1209 2752 tot
1226 2705 1285 2751 ne·
1382 2700 1383 2775 ξ

284 2800 640 2895 xuumfibrosorum
653 2825 724 2896 per
742 2824 839 2895 quos
857 2797 1067 2895 Ruyscbius
1085 2797 1140 2895 (a)
1158 2798 1286 2870 docuit
1382 2778 1383 2793 ἵ

287 2914 414 2987 ambas
434 2903 586 2988 inter'se
603 2917 801 3005 connasci,
819 2917 938 3014 possis
963 2934 1049 2986 cum
1072 2915 1286 2986 recentibus
1382 2912 1383 2935 ¹

182 3073 186 3079 ι
230 3054 234 3061 ·
286 3034 505 3104 anatomicis
521 3035 560 3103 in
582 3031 790 3105 luxatorum
821 3056 957 3104 eorum
979 3057 1148 3103 nexuum
1173 3034 1286 3104 inter·

253 3153 255 3158 ’
285 3149 773 3248 stitiisaquamcongestam
795 3151 1016 3222 existimare.
1032 3153 1139 3246 Aqua
1160 3163 1284 3220 autem

286 3289 329 3335 ea
346 3268 453 3363 copia
475 3264 543 3337 fuit
568 3269 666 3339 intra
686 3269 855 3339 cranium
876 3263 1062 3364 propositi
1082 3267 1183 3338 sen-is
1205 3280 1282 3336 tum
1382 3282 1383 3305 ³

286 3382 374 3477 quia
394 3381 599 3455 illiusmodi
619 3386 768 3482 sanguis
783 3384 886 3456 lente
903 3382 1070 3471 meabat,
1092 3398 1175 3454 tum
1201 3382 1281 3479 quia

285 3500 325 3567 in
343 3523 385 3568 ea
403 3514 507 3571 atate
525 3524 611 3573 sero
632 3502 819 3589 abundat,
838 3515 875 3571 ct
892 3514 1026 3597 caput,
1048 3514 1089 3570 ut
1105 3500 1203 3570 vires
1223 3521 1277 3568 os-

284 3616 445 3688 tendunt
461 3616 663 3715 languidae,
687 3616 873 3690 infirmius
895 3634 959 3691 est.
978 3616 1090 3706 Quod
1111 3615 1269 3714 igitur-in

283 3797 455 3814 Rha—‘-

320 3900 363 3981 (ι)
386 3879 539 3978 Sepulchr.
556 3904 575 3958 l.
595 3922 607 3957 1
625 3921 668 3973 ,s.
686 3919 720 3956 a.
735 3902 783 3956 ob.
799 3906 834 3972 47
853 3912 918 3956 ets.
934 3882 992 3970 15s,
1004 3911 1033 3956 et
1047 3898 1082 3957 16
1096 3899 1152 3957 Oh.
1168 3898 1193 3954 3.

322 4001 365 4079 (a)
385 4006 527 4077 Respons.
542 4003 580 4060 ad
592 4001 687 4078 Epist.
701 4000 849 4059 Problem.
865 4019 894 4076 9.
