2782 4668
140 416 211 462 nm.
239 414 264 460 1.
294 413 339 460 oa
365 410 501 459 moruus
526 409 684 473 caetris,
709 409 819 459 amsa.
846 410 926 458 vm.
980 385 1048 484 397

54 526 270 600 cboroidem
291 524 479 620 turgidum
496 537 533 594 et
550 524 723 621 inflatum
741 548 841 625 soepe
854 524 993 621 reperit
1011 526 1051 592 in

54 645 230 716 maniacis
249 640 858 716 solertissimusanatomicosPhil.
871 644 1052 712 Conr.Fa-

54 760 189 833 bricius
208 759 287 857 (1):
304 783 411 856 aquae
435 755 560 830 effusae
576 758 746 855 copiam,
763 782 842 828 non
873 757 989 833 modo
1010 759 1051 827 in

53 875 147 951 fatuo
166 877 326 974 Kingius
344 874 423 972 (a),
447 874 607 972 aliique,
629 872 695 944 sed
717 890 754 945 et
772 876 813 943 in
829 872 1051 946 melancho-

57 993 120 1066 lica
137 990 334 1091 Wepferus
353 991 430 1088 (3),
458 991 497 1061 in
526 990 706 1062 maniacis
734 1006 860 1062 autem
890 991 1001 1061 etiam
1027 991 1054 1060 ii
1168 1038 1170 1043 ,

58 1111 117 1206 qui
132 1109 237 1206 apud
252 1108 493 1180 Swietenium
508 1105 562 1202 (4)
580 1105 800 1195 laudantur,
817 1106 907 1178 hinc
934 1106 1053 1204 apbo-

59 1225 207 1296 rismum
234 1248 350 1322 quem
376 1248 488 1321 supra
520 1221 575 1320 (5)
601 1223 915 1310 memoravimus,
937 1247 1055 1321 expo-

62 1355 225 1429 nentem,
240 1342 270 1412 si
289 1340 420 1410 maniae
438 1338 609 1438 hydrops
620 1340 877 1437 superveniat,
891 1334 1054 1426 bonum3

62 1472 222 1554 resorpta
236 1456 412 1529 videlicet
420 1481 465 1526 ex
475 1454 632 1527 cerebro
647 1481 762 1553 aqua,
778 1456 927 1554 alioque
937 1471 1056 1529 trans·

63 1589 178 1646 vecta:
197 1589 236 1646 et
253 1572 370 1647 lienes
388 1572 552 1669 denique
577 1571 789 1645 skirrbosos
815 1598 902 1644 cum
928 1572 1057 1645 lauda-

64 1704 117 1762 tus
130 1696 299 1789 Hoyerus
311 1689 367 1786 (6)
388 1691 428 1760 in
448 1686 675 1787 quibusdam
692 1705 777 1787 post
795 1686 919 1761 febres
938 1690 1056 1761 inter-

66 1808 247 1879 mittentes
263 1806 311 1878 ab
332 1831 370 1878 se
387 1807 561 1878 inventos
587 1805 734 1894 scribit,
758 1806 852 1877 talia
874 1809 1057 1904 subjecta,

68 1924 201 2020 inquit,
217 1923 445 2021 plerumque
469 1936 585 1993 antea
605 1928 739 2019 gravia
761 1922 895 1994 deliria
917 1924 1060 1995 melan-

70 2039 201 2112 cholica
204 2094 296 2111 .....
296 2108 300 2115 ,
306 2092 313 2110 .
326 2053 485 2136 experta
502 2055 618 2111 erant.
636 2042 723 2110 Non
741 2063 825 2111 sum
841 2054 969 2112 tamen
982 2066 1062 2114 nes·

71 2157 162 2246 cius,
181 2159 220 2229 in
249 2156 393 2243 tribus,
412 2154 507 2228 adeo
524 2180 571 2235 ex
597 2155 848 2227 melancholia
868 2158 1061 2230 deliranti-

69 2269 149 2363 bus,
176 2290 217 2346 ut
249 2298 289 2346 se
319 2271 552 2361 occiderint,
581 2296 705 2369 neque
736 2272 901 2362 durum,
937 2301 1061 2373 neque

71 2411 260 2487 magnum,
292 2391 371 2460 imo
401 2390 441 2458 in
474 2412 553 2458 uno
583 2388 704 2459 multo
732 2390 918 2461 minorem
948 2417 1062 2488 quam
1179 2390 1182 2397 ’

72 2529 207 2602 equum
223 2520 341 2594 esset,
357 2506 495 2578 lienem
515 2503 627 2577 fuisse
652 2504 726 2601 (7),
751 2513 789 2577 et
801 2509 1064 2602 prestantissi-

72 2644 165 2693 mum
192 2625 405 2696 Heisterum
431 2619 520 2719 (8),
547 2620 613 2718 qui
644 2619 721 2692 duo
747 2646 792 2693 ex
822 2622 895 2693 illis
924 2626 1064 2711 secuit,

73 2741 271 2832 pancreatis
294 2741 441 2838 potius,
463 2752 500 2809 et
524 2736 611 2808 bilis
635 2738 724 2807 vitia
748 2738 1062 2812 animadvertisse.
1084 2822 1087 2830 ,

74 2854 152 2944 Qua
170 2856 469 2957 observationes,
489 2856 559 2927 etsi
585 2854 705 2953 dignae
723 2871 809 2936 suut
831 2880 963 2929 omnes
983 2882 1065 2955 quae

76 2971 109 3041 in
135 2974 421 3072 Sepulcbretum
453 2969 685 3059 referantur,
704 2972 820 3044 velim
840 2989 966 3046 tamen
985 2977 1066 3047 ani-

121 3943 162 4025 (3)
179 3952 318 4017 Earnrad.
333 3953 418 4012 Ceut.
436 3951 472 4027 6,
490 3952 564 4010 Oba.
582 3952 629 4009 αθ.
