2774 4666
198 432 268 477 ΠΒ.
296 431 321 477 Ι.
349 432 396 478 DE
422 430 557 480 HORBIS
582 432 875 497 GAP1T18,131³1sr.
901 436 951 482 W.
1007 436 1075 509 207

65 543 188 615 nabat
215 568 360 633 serum,
392 559 429 617 et
454 500 528 619 hoc
556 546 757 617 ventriculi
783 571 941 644 quoque
972 566 1078 620 erant

62 662 184 759 pleni.

48 780 52 786 ’
114 806 151 876 7.
177 780 247 850 Vir
265 779 358 857 alter
378 804 566 853 annorum
586 782 798 880 sexaginta,
819 783 957 853 coloris
985 784 1075 856 sub·

64 895 174 984 flavi,
195 896 373 971 ulcera'in
390 895 492 969 tibiis
508 897 574 970 diu
585 900 800 995 pertulerat.
818 899 867 970 lis
883 895 1000 970 ferme
1016 926 1074 972 ex-

66 1013 241 1100 siccatis,
270 1012 662 1115 aphoniaeorripitur
686 1039 772 1086 cum
795 1018 965 1087 omnium
990 1041 1075 1091 sen-

65 1154 181 1202 suum
213 1144 369 1229 torpore
399 1147 511 1229 atque
540 1131 799 1223 hebetudine,
821 1148 859 1204 et
892 1134 1073 1231 postridie

64 1249 241 1321 moritur.
773 1344 778 1353 x

112 1369 251 1439 Serum
281 1368 380 1447 inter
407 1366 624 1463 meninges‚
640 1367 805 1464 spinalis
828 1366 1019 1456 medune,
1038 1381 1075 1438 et

67 1483 238 1571 cerebri3
258 1484 297 1553 in
314 1483 503 1580 hujusque
523 1485 740 1568 ventriculis
754 1500 989 1582 compertum
1007 1500 1072 1557 est.

117 1600 153 1671 8.
176 1599 325 1688 Mulier,
339 1599 449 1672 surda
455 1601 535 1695 jam
546 1615 655 1673 antea
669 1600 900 1699 ,pridieltal
912 1603 1075 1697 januarii

69 1715 252 1788 movendi
261 1713 471 1788 facultatem
482 1718 618 1806 amisit,
631 1719 835 1813 'etpulsum
850 1718 985 1789 eodem
1002 1718 1072 1790 die.
1096 1712 1098 1719 ¹

68 1838 166 1906 Toto
174 1857 336 1930 corpore
347 1831 484 1932 frigida
496 1847 595 1933 erat3
611 1834 684 1905 uisi
699 1834 801 1931 quod
816 1857 903 1931 pars
915 1832 1074 1924 sinistra,

69 1955 108 2023 in
138 1950 397 2051 superioribus
428 1952 657 2046 praesertim,
690 1951 855 2048 aliquem
889 1952 1076 2025 retinebat

70 2082 256 2166 teporem.
274 2065 391 2139 Modo
405 2066 532 2155 citius,
552 2060 668 2137 modo
685 2066 827 2139 tardius
847 2067 1072 2165 respirabat:

71 2189 207 2285 sepius
225 2200 349 2257 autem
368 2181 515 2255 facilem
536 2199 572 2255 et
590 2199 804 2282 promptam
820 2184 1010 2257 hahebat
1001 2209 1075 2258 ms·

72 2305 321 2402 pirationem3
342 2300 486 2373 tardam
502 2316 628 2373 autem
643 2317 679 2375 et
697 2303 896 2399 querulam
911 2305 1074 2401 exspira-

73 2422 228 2497 tionem.
255 2421 314 2495 Sic
342 2418 509 2491 triduum
530 2419 632 2491 vixit.
661 2422 704 2489 In
723 2419 902 2495 cadavere
924 2423 1075 2519 sanguis
1127 2512 1132 2516 ¹

75 2539 221 2619 omnis
233 2535 373 2609 lluidus
401 2533 480 2607 fuit
502 2539 546 2606 In
568 2535 715 2608 ‘cerebri
734 2538 955 2661 ventriculis
978 2562 1077 2612 cras-

72 2656 181 2731 sioris
198 2679 271 2727 serr
261 2642 477 2752 paulum.

107 2800 143 2873 p
159 2774 312 2845 Femina
324 2793 465 2843 annum
475 2794 592 2869 agens
606 2771 958 2871 quinquagesimum
969 2774 1077 2871 septi·

74 2916 193 2980 muni,
206 2886 328 2961 febrili
337 2886 476 2987 frigore
497 2902 712 2985 corripitur,
719 2913 779 2960 eur
769 2889 899 2959 calor
906 2905 1075 2977 cumsm,

74 3031 264 3104 sensuque
279 3020 359 3078 toto
380 3029 540 3103 corpore
563 3003 706 3081 doloris
719 3021 756 3078 et
770 3005 972 3077 debilitatis
993 3026 1077 3079 suc-

74 3126 184 3198 cedit.
201 3123 332 3197 Febris
354 3124 413 3195 bis
431 3121 601 3221 quotidie
615 3121 748 3195 iisdem
765 3124 1078 3223 symptomatibus
1122 3178 1124 3181 -

75 3242 243 3327 invadit:
262 3243 356 3339 quin
372 3243 504 3328 etiam,
522 3240 689 3312 secundo
704 3240 765 3313 die
776 3242 907 3340 pulsus
917 3243 1078 3341 inaequa-

1 3397 2 3404 κ
39 3454 43 3459 .
74 3362 158 3433 liter
172 3360 389 3431 intermittit
397 3386 412 3448 3,
422 3356 487 3451 sed
503 3359 854 3432 tertiointermissio
869 3376 995 3435 cessat.
1014 3362 1081 3439 His

74 3477 210 3551 diebus
230 3476 355 3547 multae
372 3460 637 3564 mantunae,
655 3491 693 3547 et
712 3498 890 3551 sanorum
913 3478 1075 3550 similes:

76 3616 260 3693 quarum,
285 3594 551 3693 progrediente
572 3580 729 3682 morbo,
753 3597 861 3693 eopia
886 3596 1078 3666 imminui·

74 3728 144 3784 tur.
164 3714 310 3803 Quinto
327 3727 364 3783 et
379 3726 482 3784 sexto
498 3711 576 3797 die,
593 3709 707 3784 febris
730 3734 810 3783 non
834 3712 913 3800 bis,
933 3713 998 3785 sed
1020 3727 1079 3784 ter

76 3832 259 3918 recurrit,
273 3824 511 3927 multumque
520 3826 650 3927 affligit
664 3824 807 3900 difficili
820 3831 1078 3928 respiratione,

77 3947 208 4021 dolore
235 3949 388 4044 eapitis,
409 3948 554 4044 ingenti
586 3948 667 4034 siti,
695 3946 900 4018 aridissima
930 3946 1057 4042 lingua
1068 3966 1082 4029 ,·
