2782 4668
149 477 217 524 nm.
243 478 267 522 ι.
295 478 341 524 nn
367 477 501 524 nonnis
525 476 683 542 ctmrts,
709 477 819 525 nrrsr.
846 479 926 525 vm.
979 460 1046 543 441

64 614 175 662 ruere.
192 590 349 688 Spinalis
363 590 527 661 medulla
538 590 648 661 solito
667 592 808 662 siccior.
826 589 899 662 Sed
915 605 952 662 et
969 615 1054 662 cor·

63 732 127 805 pus
152 732 263 779 omne
280 709 319 777 in
345 732 425 778 uno
442 706 609 795 aridum,
638 721 674 777 et
699 706 992 795 inflammatum
1011 709 1053 778 iu

67 825 174 895 altero
202 822 397 922 superficie
423 837 533 894 tenus
557 822 603 893 ab
626 822 920 895 inflammatione
944 825 1056 894 viola-

67 965 178 1013 ceum.
204 943 305 1031 Quin
329 939 398 1012 fuit
422 940 468 1012 ab
491 940 563 1012 alio
585 941 683 1012 inter
699 939 974 1038 frequentiores
994 940 1059 1012 ob·

67 1060 287 1130 servationes
312 1058 487 1128 adnotata
518 1058 715 1155 singularis
742 1059 945 1130 solidarum
968 1082 1056 1156 par-

65 1176 171 1264 tium,
184 1175 513 1247 membranearum
533 1177 720 1274 praecipue
736 1175 853 1248 ferme
871 1176 1055 1264 omnium,
1103 1222 1105 1228 ι

67 1292 208 1364 ariditas
223 1347 233 1380 ‚
250 1308 286 1364 et
303 1294 434 1365 tensio.
455 1297 509 1363 De
527 1294 708 1389 sanguine
723 1307 870 1381 autem,
888 1318 965 1391 quo
982 1292 1059 1391 pie-

67 1410 228 1482 nissimas
245 1408 355 1481 fuisse
370 1410 542 1497 arterias,
558 1409 619 1478 alii
636 1408 824 1497 scribunt,
842 1416 964 1507 eoque
976 1409 1057 1481 ssui-
1112 1474 1116 1481 .

69 1524 235 1615 dissimo‚
261 1542 298 1596 et
319 1527 381 1595 vix
394 1526 433 1594 in
453 1539 583 1624 aperto
600 1549 684 1598 aere
710 1528 876 1614 coituro,
899 1553 979 1598 non
995 1527 1058 1599 de-

69 1658 148 1713 sunt
179 1646 247 1740 qui
276 1645 315 1713 in
336 1667 413 1713 uno
448 1642 627 1730 doceant,
660 1645 811 1716 arterias
832 1644 985 1742 quidem
1013 1669 1058 1716 eo

69 1759 209 1854 plenas,
226 1759 291 1831 sed
307 1775 343 1832 et
358 1784 492 1830 venam
511 1783 636 1830 cavam
661 1758 788 1850 fuisse3
805 1764 844 1831 in
861 1761 981 1833 altero
999 1787 1061 1833 au·

70 1891 136 1947 tem
153 1879 373 1975 sanguinem
388 1902 539 1948 omnem
559 1875 669 1950 fuisse
686 1881 725 1948 in
741 1879 866 1965 venis,
895 1904 1059 1974 eumque

71 2016 145 2064 sero
160 1995 331 2065 caruisse.
351 1999 432 2064 Imo
445 1996 580 2091 estqui
595 1993 810 2083 confirmet,
826 1997 867 2066 in
880 1995 1060 2067 tredecim

72 2109 304 2183 cadaveribus
314 2112 595 2208 sanguine‚non
605 2112 867 2209 raroalioquin
877 2111 1060 2202 fluidiom,

71 2252 173 2301 venas
191 2253 340 2327 semper
364 2227 410 2299 ab
432 2252 469 2299 se
493 2229 589 2300 visas
614 2252 691 2300 esse
710 2227 881 2316 refertas3
912 2232 1063 2302 arterias

73 2360 187 2416 autem
201 2349 342 2416 inanes.
359 2348 532 2434 Quocum
547 2346 585 2413 in
599 2343 673 2416 hoc
687 2344 841 2441 quidem
857 2343 983 2433 faciat,
998 2345 1063 2417 sed

71 2462 106 2532 in
121 2463 214 2551 aliis,
231 2478 274 2535 ut
291 2478 383 2560 puta
401 2446 440 2532 in
460 2461 664 2533 solidarum
681 2464 845 2558 partium
873 2462 1060 2552 ariditate,
1160 2468 1162 2472 ’

76 2575 252 2677 discrepet
266 2602 415 2649 necesse
428 2593 482 2650 est
493 2633 503 2667 ‚
515 2579 581 2674 qui
596 2579 635 2648 in
648 2577 890 2648 cadaveribus
900 2592 1065 2674 'quatuor

77 2718 109 2765 se
123 2697 326 2795 quidquam
345 2719 476 2766 eorum
485 2695 639 2797 vidisse,
659 2710 786 2794 negat,
809 2720 890 2792 quae
914 2720 959 2766 ex
973 2695 1063 2765 alio·
1166 2754 1169 2759 Α

76 2836 152 2883 rum
168 2812 456 2887 dissertionibus
465 2813 689 2911 plerumque
698 2836 798 2899 esse,
817 2812 942 2910 posuit
954 2816 1065 2884 Boer·

76 2927 305 3027 haarius(1).
328 2926 504 3027 'Denique
535 2928 794 3027 hydrophobae
825 2952 962 3029 corpus
994 2929 1067 3029 legi

77 3047 166 3118 intra
178 3047 398 3146 quindecim
417 3073 438 3117 a
457 3062 577 3119 morte
594 3047 707 3119 horas
725 3062 847 3119 totum
868 3047 927 3117 vel
944 3046 1067 3120 media

78 3161 204 3260 hyeme
224 3165 508 3265 computruisse.
783 3156 785 3159 ¹

124 3282 179 3354 32.
206 3287 301 3354 Cum
316 3284 430 3380 igitur
447 3281 523 3352 huc
540 3280 656 3353 ferme
674 3280 803 3352 redeat
821 3306 952 3352 eorum
971 3307 1071 3354 sum-

78 3422 133 3470 ma
153 3426 234 3498 quae
258 3426 304 3470 ex
329 3400 553 3496 comparatis
574 3398 771 3488 omnibus,
794 3398 887 3469 mihi
914 3400 1067 3496 quidem

78 3516 169 3586 notis
185 3516 525 3613 hydrophoborum
540 3514 825 3587 dissertionibus
838 3517 964 3616 colligi
982 3544 1069 3617 pos·
1157 3576 1165 3585 .

80 3646 179 3724 sunt;
194 3633 370 3731 praeclare
383 3633 574 3731 intelligis,
591 3632 710 3705 multo
725 3634 842 3730 magis
855 3630 1005 3706 differre
1017 3637 1071 3729 in-

82 3958 84 3961 v
116 3982 158 4063 (1)
173 3980 291 4064 'Aphon
304 3991 342 4049 de
354 4009 495 4069 cognosc.
509 3992 605 4049 morb.
625 3996 640 4062 S
659 3997 743 4059 1140.
