2774 4666
288 403 359 483 214
452 421 498 466 nu
524 417 670 465 sumnus
695 420 739 465 ur
764 412 888 467 ciuus
913 418 1124 484 moruorum

282 531 507 620 tinentibus,
524 547 655 603 caetera
672 556 826 622 sanum3
846 533 919 605 nisi
938 515 1046 631 quod
1057 533 1098 605 in
1116 557 1182 605 sua
1199 535 1292 606 vesi·
1371 516 1372 519 Ἴ

282 652 389 741 cula,
406 667 482 724 tres
499 666 709 749 quatuorve
724 650 857 724 habuit
870 632 1109 740 calcrdos,ht
1120 652 1161 723 in
1173 652 1293 751 prima

284 795 439 868 quoque
468 769 625 868 epistola
650 771 862 859 anatomica
879 769 935 867 (ι)
958 770 1177 841 memoravi.
1202 769 1294 840 Reli·
1371 818 1372 837 .

279 910 358 985 qua
374 889 515 958 viscera
532 911 688 985 prorsus
705 903 812 960 erant
827 888 1037 960 secundum
1053 902 1247 975 naturam3
1263 888 1294 958 si

282 1006 488 1076 urinariam
506 1007 666 1077 vesicam
684 1007 865 1104 excipias,
883 1032 967 1104 quae
978 1022 1105 1078 tamen
1123 1004 1231 1102 quod
1244 1027 1295 1075 es-
1371 1032 1372 1039 ¹

284 1124 395 1195 setin
414 1148 451 1194 se
469 1137 678 1212 contracta,
695 1148 742 1195 eo
757 1123 1003 1196 crassioribus
1012 1122 1168 1196 fortasse
1182 1145 1294 1220 quam

283 1265 414 1313 revera
432 1257 546 1329 esset,
564 1243 701 1313 tunicis
715 1244 798 1313 visa
815 1256 880 1317 est.
899 1247 945 1312 In
962 1242 1128 1315 thoracis
1144 1266 1296 1338 quoque
1371 1236 1372 1243 '

280 1358 489 1431 visceribus
506 1359 600 1429 nihil
610 1358 776 1429 morbidi
784 1360 980 1431 inventum
996 1376 1064 1432 est.
1081 1362 1178 1429 Nam
1186 1356 1292 1455 quod

283 1477 486 1574 pulmones
502 1500 627 1574 neque
654 1474 789 1566 duros,
811 1502 937 1575 neque
955 1476 1148 1575 turgidos,
1170 1500 1294 1574 neque

284 1595 332 1665 ad
346 1596 518 1692 pleuram
535 1596 724 1693 alligatos,
743 1596 783 1665 in
796 1619 842 1666 eo
860 1593 1015 1693 culpare
1031 1610 1160 1665 tamen
1182 1587 1296 1690 aliqui
1352 1658 1354 1663 .
1371 1634 1372 1639 κ

283 1738 363 1783 non
381 1712 624 1800 dubitarunt,
650 1712 754 1810 quod
784 1736 827 1784 ea
854 1711 946 1784 facie
968 1713 1199 1810 nigricarent
1221 1733 1293 1808 qua
1371 1726 1372 1769 ὲ

284 1827 442 1899 dorsum
466 1827 688 1925 tangebant,
716 1847 857 1926 nempe
884 1829 922 1899 id
947 1830 1138 1899 immerito
1157 1827 1294 1899 factum

284 1947 436 2034 censui,
450 1968 677 2042 mecumque
689 1946 768 2043 ipse
783 1946 975 2034 censebis,
988 1960 1033 2016 vut
1047 1947 1114 2043 qui
1134 1945 1174 2015 id
1190 1970 1294 2017 com·

285 2086 402 2134 mune
418 2087 498 2134 esse
514 2062 758 2135 cadaveribus
774 2086 872 2161 pene
885 2062 1084 2149 omnihus,
1102 2064 1223 2134 secuti
1239 2062 1292 2133 vel
1371 2142 1372 2163 χ

286 2180 379 2250 olim
397 2179 694 2278 Christophorus
710 2179 1031 2276 Guarinonius(2)
1049 2179 1294 2264 indicaverat,
1371 2220 1372 2227 κ

286 2299 441 2367 minime
451 2297 602 2395 ignoras
612 2350 623 2386 ,
634 2322 679 2368 eo
692 2297 1163 2396 sanguinevidelicetmox
1180 2296 1230 2391 ab
1243 2298 1294 2366 in-

288 2421 401 2491 teritu
419 2417 652 2508 confluente,
669 2444 748 2516 quo
759 2423 798 2489 in
814 2422 951 2518 supino
969 2443 1131 2518 corpore
1146 2419 1294 2517 pondus
1371 2414 1372 2417 '

287 2536 413 2607 trahit.
442 2532 542 2607 Duni
561 2537 678 2607 cranii
700 2538 960 2634 integumenta
976 2535 1294 2622 detrahebantur,

154 2710 157 2717 .
262 2654 406 2741 rrubor
423 2656 534 2741 etiam
552 2669 633 2726 tum
649 2670 704 2726 est
721 2655 759 2724 in
781 2655 995 2753 perieranio
1015 2654 1294 2726 animadversus
1371 2664 1372 2753 ἐ

287 2797 360 2869 qua
377 2772 614 2843 cucurbitula
629 2769 748 2843 defixa
759 2768 890 2843 fuerat.
909 2776 1017 2846 Inter
1033 2772 1293 2844 dissecandum
1371 2792 1372 2805 ¹

286 2891 476 2976 cranium,
495 2915 540 2959 ex
555 2890 635 2985 ejus
650 2913 740 2959 cavo
756 2913 853 2987 aqua
867 2886 1021 2961 effluxit.
1041 2888 1115 2959 Illo
1133 2888 1294 2960 sublato}
1371 2870 1372 2879 ἵ

288 3030 486 3104 crassaque
504 3007 680 3104 meninge
696 2986 845 3095 amota,
863 3006 933 3077 sub
954 3008 1070 3079 altera
1087 3006 1230 3104 passim
1253 3001 1294 3075 ud

279 3122 434 3192 'cerebri
451 3121 640 3195 anfractus
656 3125 803 3194 cinerea
818 3126 926 3222 quasi
949 3124 1119 3221 gelatz'na
1135 3123 1291 3196 translu-

286 3239 418 3313 cebat:
437 3258 522 3310 vasa
539 3255 685 3328 autern,
703 3241 867 3328 cerebri,
889 3255 926 3313 et
941 3240 1118 3313 cerebelli
1138 3237 1288 3340 superfi·
1371 3298 1372 3305 1

287 3358 381 3427 ciem
400 3359 585 3446 tenentia,
610 3360 806 3456 aliquanto
833 3375 959 3447 erant,
984 3383 1099 3457 quam
1126 3360 1290 3444 soleant,
1371 3354 1372 3407 1

287 3475 468 3571 sanguine
496 3475 714 3572 turgidiora.
734 3481 779 3547 In
803 3477 952 3548 cerebri
973 3476 1182 3549 substantia
1199 3472 1288 3547 nihil

286 3606 366 3661 erat
380 3592 484 3688 quod
497 3592 895 3709 reprehenderes3nis1
885 3591 1007 3666 forte
1025 3594 1165 3665 laxitas
1183 3598 1292 3665 Caete-

347 3886 357 3919 1
395 3868 432 3920 il.
453 3867 499 3935 18.

225 4010 228 4017 ,
323 3863 467 4040 (lalisid.ll
476 3965 691 4042 Sepulchrld
687 3992 749 4041 bs.
767 3992 792 4042 1,
808 3971 839 4029 in
857 3972 938 4029 Adit.
954 3970 1018 4028 obs.
1037 3912 1099 4028 liet
1116 3971 1161 4027 13
