2774 4670
321 408 390 482 512
484 433 532 479 ma
557 432 703 481 sumnus
729 433 773 480 er
798 432 922 482 causis
948 434 1157 485 noanouuu

321 547 581 629 madversum,
596 545 761 643 ideoque
776 571 848 643 pro
861 550 977 618 tetani
991 546 1148 637 effectu,
1164 577 1243 622 non
1256 578 1319 650 pro

215 716 218 721 »
319 662 682 742 causa,habendum
695 663 834 752 videri,
850 668 1057 763 praesertim
1068 692 1157 738 cum
1172 694 1321 768 perpau-

320 806 406 853 cum
423 779 553 870 fuerit,
573 795 609 852 et
631 782 669 851 in
690 783 809 853 altero
828 780 1008 855 duntaxat
1023 785 1241 857 ventriculo
1264 787 1323 858 de-

320 898 550 998 prehensum
564 926 574 985 3
591 896 648 970 fac
659 900 770 971 simul
790 901 830 970 in
847 917 1013 975 mentem
1028 904 1174 989 veniat,
1188 903 1324 976 hocta·

321 1042 409 1088 men
421 1014 531 1089 fuisse
542 1017 699 1104 salsum3
717 1043 800 1114 quae
817 1042 877 1090 res
891 1017 938 1090 de
954 1020 1180 1118 pericardii,
1196 1036 1236 1092 et
1248 1023 1325 1093 tho-

321 1135 417 1211 racis
436 1160 520 1206 sero
537 1136 693 1206 minime
707 1159 728 1205 a
741 1134 911 1241 Valsalva
924 1137 1102 1209 adnotata
1112 1153 1192 1227 est;
1212 1153 1249 1210 et
1262 1164 1325 1209 ma·

319 1253 458 1348 jurem,
479 1267 541 1325 ant
567 1266 668 1325 certe
697 1266 903 1329 extremam
930 1253 1046 1349 hujus
1076 1256 1326 1328 convulsionis

322 1370 397 1439 vim
420 1372 459 1440 in
476 1370 595 1441 altero
619 1371 856 1467 potissimum
883 1373 1057 1468 corporis
1077 1373 1198 1444 latere
1224 1399 1326 1472 appa·

323 1512 450 1558 ruisse.

375 1604 406 1676 5.
434 1607 551 1703 Virgo
570 1604 702 1676 eadem
717 1601 834 1676 ferme
849 1619 954 1677 aetate
968 1629 1011 1676 ae
1026 1607 1182 1701 juvenis
1202 1607 1325 1704 dequo
1381 1640 1382 1647 ¹

324 1722 467 1794 dictum
494 1737 563 1808 est,
592 1719 696 1792 febre
722 1737 831 1791 acuta
860 1720 1055 1809 laborans,
1084 1726 1326 1795 convulsione

325 1842 423 1912 cirea
440 1840 539 1911 diem
566 1839 767 1936 septimum
791 1838 1013 1935 corripitur,
1036 1854 1080 1910 ut
1106 1841 1328 1940 interrogata

325 1957 446 2029 rideat
471 1955 647 2029 sardonio
678 1955 784 2025 risu:
819 1970 945 2027 motus
968 1970 1095 2026 autem
1127 1960 1327 2031 convulsivi

327 2091 414 2149 sunt
428 2074 522 2145 adeo
534 2060 796 2160 vehementes,
811 2088 854 2143 ut
863 2072 1022 2145 vinculis
1032 2075 1072 2144 in
1084 2074 1190 2146 lecto
1208 2076 1330 2150 debeat

326 2192 489 2263 retineri.
520 2196 597 2263 Hos
621 2205 747 2261 motus
766 2190 965 2261 comitatur
991 2189 1183 2265 delirium.
1208 2197 1329 2266 Omnia

326 2310 404 2380 haec
425 2324 550 2381 tamen
573 2333 649 2379 una
672 2322 757 2379 ante
777 2322 938 2379 mortem
964 2307 1059 2383 hora
1081 2312 1328 2406 quieverunt:
1380 2366 1381 2385 i

328 2453 431 2525 quae,
447 2442 558 2498 aucto
576 2450 725 2523 semper
743 2424 934 2501 laborioso
946 2426 1162 2525 respirandi
1182 2443 1330 2513 conatu,
1380 2490 1381 2513 ,

326 2547 387 2619 die
408 2570 509 2617 nona
524 2545 692 2642 contigit.

374 2663 602 2735 Ecadaveris
610 2687 700 2732 aure
711 2661 864 2732 dextera
875 2660 1031 2759 paulum
1051 2662 1126 2734 seri
1145 2662 1329 2738 emanasse

321 2781 625 2857 animadversum
641 2795 705 2851 est.
726 2779 935 2853 Cerebrum
949 2795 1075 2852 autem
1098 2785 1265 2855 omnino
1282 2808 1329 2854 sa·

322 2914 416 2971 num
437 2898 528 2971 fuit:
548 2922 672 2996 neque
689 2896 791 2967 aliud
807 2896 1029 2969 adnotatum
1054 2914 1131 2986 est,
1153 2902 1231 2972 nisi
1251 2901 1326 2973 dnm

228 3104 230 3107 Ι
318 3014 444 3091 'crassa
466 3018 619 3088 meninx
637 3012 865 3111 quibusdam
885 3014 995 3102 locis,
1020 3016 1223 3088 acalvaria
1243 3017 1326 3088 avel-

323 3136 458 3223 lendo,
477 3132 734 3220 lacerabatur,
751 3132 956 3204 nonnullas
973 3131 1046 3204 seri
1063 3138 1238 3230 erupisse
1257 3148 1326 3233 gut·

323 3268 398 3342 tm,
418 3269 454 3325 et
473 3249 734 3349 equibnsdam
754 3250 936 3338 minimis,
956 3274 1039 3347 quaa
1059 3247 1159 3321 forte
1182 3252 1325 3325 disrum-

322 3370 530 3469 pebantur,
550 3369 653 3439 vasis
664 3366 1037 3464 sanguinem,mult0
1048 3366 1215 3441 dilutum
1236 3394 1323 3453 sem,

323 3487 516 3561 effluxisse.
536 3492 581 3555 In
595 3484 761 3556 thoracis
779 3509 871 3556 cavo
885 3483 1063 3573 dextero,
1079 3487 1192 3581 cujus
1208 3488 1323 3585 pulmo

321 3622 468 3693 stern0,
488 3620 525 3676 et
538 3604 681 3676 costisa
697 3602 812 3673 latere
830 3599 1065 3690 adhaerebat,
1076 3618 1167 3673 octo
1186 3619 1251 3674 aut
1267 3626 1321 3673 no

1379 2396 1381 2477 i

319 3748 404 3796 vem
425 3723 497 3794 seri
512 3722 631 3792 nnciae
648 3719 893 3816 stagnabant:
913 3719 1007 3815 quin
1021 3718 1146 3789 eidem
1160 3719 1319 3819 pulmoni
1379 3748 1380 3807 ss

320 3867 394 3939 qua
406 3839 626 3913 ‘claviculam
643 3836 853 3935 spectabat,
883 3838 1046 3909 exterius
1061 3839 1237 3935 quaedam
1253 3861 1318 3908 ma-

319 3960 412 4031 teria
435 3970 670 4043 accreverat,
686 3954 825 4047 xmedilae
850 3955 949 4053 intep
974 3955 1268 4052 pinguedinem,
1288 3965 1318 4023 et
