2774 4666
299 467 368 514 212
463 467 509 512 DE
536 463 681 512 sumnus
705 465 750 509 ET
775 462 899 511 causIS
925 464 1136 515 MORBORUM

298 579 397 649 cium
416 602 502 649 cum
518 577 677 649 distorto
695 597 759 648 ore
774 578 988 673 superiores
1000 574 1295 673 artuspraebuere
1370 570 1371 573 '

295 693 390 766 adeo
405 710 540 792 praeter
556 693 712 764 modum
732 692 843 789 rigidi
863 708 976 789 atque
995 694 1188 764 contracti.

341 817 443 882 lntra
475 837 540 884 eos
572 810 787 907 quindecim
819 810 897 882 dies
927 811 994 908 qui
1018 810 1235 881 inciderunt
1257 809 1291 876 in
1370 848 1371 911 3

292 950 460 1002 mensem
478 929 617 998 maium
635 928 724 997 anni
746 932 838 1023 1704
854 951 941 997 eum
965 928 1104 998 multos
1120 926 1214 997 alios
1230 929 1292 994 Bo·
1370 924 1371 1003 3

291 1047 493 1118 nonienses
509 1044 556 1115 de
573 1045 777 1140 improviso
793 1044 984 1115 sustulerit
1000 1041 1215 1140 apoplexia3
1229 1042 1291 1111 mi·

289 1188 362 1236 nus
378 1165 515 1233 mirum
533 1159 602 1232 strit
612 1160 879 1257 huncquoque
896 1149 1091 1231 hominem
1105 1159 1289 1232 sustulisse
1370 1178 1371 1239 ζ

288 1279 463 1376 vertigini
481 1277 693 1364 interdum,
710 1292 747 1348 et
764 1278 900 1347 virium
918 1275 1111 1373 languori,
1138 1274 1289 1347 tremori
1370 1260 1371 1309 Ὗ

288 1388 412 1468 autem
431 1420 579 1492 semper
602 1394 808 1465 obnoxium
820 1409 1025 1490 ,praeterea
1042 1390 1174 1488 quiid
1182 1392 1289 1462 aetatis

285 1513 406 1584 adeo
379 1528 653 1611 intemperans
669 1511 764 1583 esset
780 1513 820 1580 in
843 1536 882 1581 re
903 1534 1073 1581 venerea.
1089 1508 1191 1579 Illud
1213 1533 1286 1579 mo·

284 1630 376 1703 leste
393 1629 492 1719 feru,
519 1655 580 1701 me
605 1652 708 1700 nunc
734 1630 820 1700 satis
844 1653 924 1699 non
949 1628 1184 1715 meminisse,
1211 1651 1286 1724 qua
1370 1628 1371 1677 ἶ

226 1773 235 1792 ’
284 1748 381 1844 ejus,
392 1764 428 1819 et
436 1772 644 1846 praegressae
655 1761 884 1844 tempestatis
893 1760 1027 1816 natura
1036 1742 1163 1816 fuerit
1176 1767 1287 1840 quan-
1370 1732 1371 1815 l

284 1889 398 1962 quam
423 1890 510 1935 cum
531 1868 562 1936 is
583 1864 721 1936 mensis
744 1878 839 1935 esset
854 1888 931 1961 quo
949 1886 1044 1960 saepe
1062 1864 1102 1931 in
1122 1859 1230 1931 Italia
1252 1884 1284 1931 se

241 1976 1284 2117 primumintendereleviorhactenusaestussolet3veri
1370 1974 1371 1983 ’

220 2158 222 2162 Α
241 2078 401 2170 simile
418 2114 490 2185 est,
507 2100 546 2169 in
564 2123 650 2170 eum
667 2100 808 2169 maium
823 2098 1041 2169 convenisse
1059 2094 1232 2189 quaedam
1245 2094 1283 2162 il
1370 2088 1371 2145 l

281 2215 407 2286 lorum
428 2241 510 2313 quae
528 2216 574 2289 de
593 2219 692 2287 maio
710 2214 941 2312 diximus(1)
964 2238 1065 2285 anno
1087 2238 1180 2310 1729
1195 2235 1282 2309 prae·
1370 2256 1371 2271 κ

280 2333 407 2402 sertim
419 2357 505 2405 cum
518 2334 610 2406 alios
624 2333 726 2405 aliud
736 2349 848 2431 atque
858 2332 963 2403 hunc
972 2331 1168 2402 hominem
1179 2385 1189 2418 ,
1199 2353 1281 2428 apo-
1370 2362 1371 2407 1

277 2448 407 2546 plexiae
425 2476 543 2550 genus
568 2453 817 2540 interemerit,
843 2449 1019 2533 videlieet
1048 2473 1069 2518 a
1103 2448 1280 2545 sanguiue
1370 2466 1371 2519 1

277 2568 375 2638 intra
387 2569 583 2641 calvariam
593 2566 786 2658 effus0,in
798 2567 937 2666 quibus
950 2564 1207 2636 nobilissimus
1216 2569 1279 2635 Bo·

212 2670 213 2675 ἵ
276 2687 469 2757 noniensis
486 2691 644 2756 Senator
660 2685 739 2757 fuit.
759 2686 831 2758 Sed
852 2685 1033 2781 quoniam
1056 2681 1103 2753 de
1120 2704 1175 2759 ea¹
1189 2697 1276 2754 tem·

274 2817 417 2899 pestate
434 2800 555 2872 nihilo
574 2801 661 2900 plus
674 2800 863 2889 Valsalva,
880 2825 994 2898 quam
1016 2825 1086 2898 ego
1098 2840 1112 2888 ,‹
1123 2799 1276 2870 adnota-

274 2933 354 2990 tum
373 2919 543 3016 reliquit;
568 2917 642 2989 hoc
663 2920 896 3005 omittemus,
913 2933 950 2988 et
973 2933 1138 3005 nostras,
1162 2932 1207 2989 ut
1230 2913 1276 2985 fa·

272 3058 358 3108 cere
378 3036 626 3123 instituimus,
651 3036 731 3131 ejus
756 3032 1082 3107 observationibus
1107 3034 1275 3130 subjicie-

271 3176 374 3240 mus,
389 3175 409 3221 a
424 3154 506 3223 viro
523 3154 751 3250 amplissimo
769 3153 917 3223 initium
936 3151 1126 3223 ducentes.

327 3269 379 3351 13.
410 3275 464 3340 Jo.
495 3271 656 3368 Baptista
678 3269 901 3368 Anguissola
923 3268 1060 3340 Praesul
1087 3268 1272 3341 meritissi-

269 3410 374 3475 mus,
385 3402 524 3458 statura
538 3412 693 3483 magna,
710 3386 837 3457 colore
850 3385 896 3456 ad
910 3385 1070 3459 rubrum
1078 3401 1271 3484 vergente,

268 3506 386 3575 urinae
396 3505 493 3576 vitiis
507 3504 713 3593 obnoxius,
730 3528 872 3575 annum
882 3505 1152 3601 sexagesimum
1167 3528 1270 3603 supe·

265 3639 431 3712 reverat,
447 3646 646 3693 cumanno
664 3614 753 3719 17⁰7
769 3623 927 3718 antiquo
937 3622 1057 3695 cruris
1072 3622 1201 3694 ulcere
1211 3643 1269 3692 oc·

225 4036 228 4041 Δ
301 3979 346 4057 (ι)
365 3980 459 4056 Epist.
474 3979 508 4048 3,
523 3997 555 4037 u.
572 3997 605 4037 ιι
623 3987 654 4037 et
670 3978 717 4038 il.
