2774 4666
191 481 259 528 ΠΒ.
288 479 312 527 1.
340 480 387 528 DE
412 476 547 529 MORBIS
572 478 731 545 caulam,
757 478 866 529 uulsi.
895 482 961 555 tv„
1004 484 1070 532 201

67 593 287 679 molliores,
307 594 386 664 sani
403 608 527 664 tamen
542 647 552 681 ,
570 608 606 664 et
623 618 711 664 sana
728 596 816 664 item
835 597 956 668 vesica
971 599 1075 668 inve-

68 710 198 798 nitur3
242 734 456 806 quanquam
486 709 648 806 lapidem
683 710 918 799 continebat,
956 738 1076 811 parva·

68 825 182 923 pullae
201 850 314 897 ovum
340 845 571 923 aequantem,
598 823 717 897 forma
741 828 785 898 ad
818 830 982 918 ovalem,
1009 830 1074 901 sed

68 941 310 1041 depressam,
329 942 548 1030 accedente,
575 934 769 1040 superficie
795 945 901 1015 valde
923 971 1073 1044 aspera,

68 1060 199 1130 colore
217 1075 361 1145 autem,
379 1085 456 1129 non
476 1059 683 1146 albicante,
711 1076 752 1130 ut
772 1063 811 1131 in
834 1078 989 1158 patruo,
1009 1063 1074 1134 sed

68 1174 241 1248 subrufo.
260 1176 427 1247 Thorace
446 1177 614 1259 reclus0,
636 1177 854 1273 pulmones,
873 1181 944 1251 nisi
970 1179 1074 1278 qu'od

68 1293 281 1381 rubebant,
302 1293 507 1364 secundum
526 1308 697 1363 naturam
719 1296 856 1391 reperti
875 1311 962 1366 sunt
980 1323 987 1365 :
1007 1321 1074 1367 cor

67 1434 274 1508 magnum,
292 1411 330 1478 in
345 1410 500 1506 ejusque
518 1409 650 1480 dextro
671 1411 880 1482 ventriculo
899 1412 976 1483 leve
988 1437 1074 1482 con-

70 1527 253 1597 cretionis
264 1525 453 1624 polyposae
463 1526 790 1615 inchoamentum3
811 1530 960 1625 sanguis
972 1530 1073 1599 enim

69 1644 118 1715 ita
135 1659 219 1715 erat
241 1642 396 1731 fluidus,
416 1660 458 1716 ut
486 1644 597 1742 paulo
617 1660 702 1715 ante
723 1670 808 1716 cnm
834 1642 929 1716 forte
947 1671 1073 1718 ramus

68 1761 202 1831 iliacus
221 1775 409 1832 secaretur
420 1816 430 1849 ,
443 1786 521 1831 non
539 1785 645 1833 secus
663 1775 773 1858 atque
787 1786 831 1831 ex
843 1763 990 1832 vivente
1007 1763 1074 1833 ho*

69 1879 196 1964 mine,
214 1894 441 1975 erumperet.
457 1880 594 1950 Granio
605 1895 751 1950 exsecto
762 1933 772 1965 ,
785 1903 907 1950 crassa
921 1880 1075 1949 meninx
1121 1968 1124 1977 ,

70 1995 245 2091 apparuit
263 2011 477 2091 corrugata,
500 1995 568 2066 sub
587 1998 691 2067 tenui
714 2011 837 2066 autent
855 1997 952 2067 intra
969 2020 1074 2067 cere·

69 2109 127 2181 bri
159 2112 285 2182 sulcos
312 2127 486 2209 stagnans
515 2113 760 2183 serumadeo
786 2113 1005 2211 limpidum,
1028 2127 1072 2184 ut

68 2245 152 2300 ante
170 2227 285 2324 hujus
305 2229 491 2327 meningis
514 2232 743 2317 sectionem,
761 2232 898 2301 vitrum
918 2230 1073 2327 pelluci-

70 2344 159 2417 dum
172 2360 468 2442 repraesentaret.
486 2347 573 2441 Ejus
592 2349 700 2443 copia
718 2348 789 2417 seri
805 2348 927 2440 major
937 2347 977 2414 in
988 2345 1074 2416 dex·

70 2475 172 2550 tero,
190 2487 304 2558 quam
323 2464 363 2531 in
380 2463 529 2533 sinistro
551 2462 695 2534 cerebri
713 2462 976 2559 hemisphaerio
993 2487 1072 2534 esse
1143 2463 1145 2468 ’

71 2577 279 2649 videbatur.
289 2577 642 2674 Ejusmodiquoque
655 2604 800 2665 serum,
814 2580 854 2648 in
867 2578 1074 2672 majoribus

70 2695 289 2766 ventriculis
318 2709 554 2791 compertum
580 2708 635 2762 est
660 2694 707 2763 ad
736 2695 867 2764 uncias
892 2694 1008 2783 duas,
1036 2710 1073 2766 et

71 2810 144 2883 hoc
168 2810 325 2909 quidem
350 2810 445 2882 salso
470 2825 549 2880 erat
573 2833 716 2905 sapore.
741 2811 817 2879 Etsi
841 2835 931 2880 vero
956 2836 1001 2880 ex
1027 2836 1072 2881 eo

72 2931 175 2999 omni
192 2953 278 3001 sero
292 2926 397 3025 quod
413 2927 507 2997 intra
520 2928 689 2998 cranium
702 2923 789 3014 fuit,
806 2951 885 2997 non
899 2927 1072 3017 multum,

73 3047 209 3117 sinceri
234 3045 458 3143 praesertim,
477 3043 602 3141 colligi
626 3043 770 3139 potuit3
794 3044 833 3112 in
853 3059 928 3114 tres
947 3060 1072 3115 tamen

72 3180 196 3260 partes
216 3161 377 3233 divisum
398 3176 473 3233 cst:
494 3185 656 3258 quarum
672 3185 715 3232 ea
731 3185 812 3256 quae
834 3161 912 3257 igni
930 3177 986 3235 est
1003 3163 1071 3232 im-

73 3282 213 3378 posita,
230 3282 270 3349 iu
283 3303 391 3350 auras
405 3294 483 3351 tota
494 3278 604 3365 abiit;
621 3278 754 3365 altera,
770 3276 929 3349 admisto
940 3279 1074 3376 spiritu

73 3400 156 3469 salis
179 3398 404 3468 ammoniaci
430 3412 468 3467 et
489 3395 713 3491 leviagitata
731 3397 984 3494 commotione
1001 3411 1071 3484 est,

72 3530 106 3585 et
119 3514 298 3585 nonnihil
312 3513 521 3610 sanguinis,
541 3509 646 3608 quod
656 3512 690 3581 ei
700 3508 796 3582 forte
809 3512 932 3582 inerat
944 3565 955 3599 ,
965 3510 1073 3583 brevi

73 3631 117 3702 ad
137 3630 298 3702 fundum
315 3630 579 3728 praecipitavit3
595 3629 703 3697 tertia
722 3652 848 3698 veroa
869 3629 1001 3725 spiritu
1015 3632 1073 3698 vi-

72 3749 173 3819 trioli
192 3747 336 3818 nullam
354 3770 460 3849 passa
480 3761 534 3817 est
549 3743 815 3816 turbationem.
837 3748 1018 3814 Caeterum
1032 3746 1071 3814 in

72 3865 282 3935 ventriculo
308 3864 463 3934 dextero
487 3863 620 3959 plexus
650 3857 850 3931 choroides
872 3860 1071 3949 vesiculam

73 3978 386 4053 habuitavellanae
399 3978 669 4076 magnitudine,
681 4003 768 4049 cum
777 3978 816 4045 in
825 3975 974 4071 sinistro
987 3966 1073 4074 par-
