<?xml version="1.0" encoding="UTF-8"?>
<!DOCTYPE html PUBLIC "-//W3C//DTD XHTML 1.0 Transitional//EN"
    "http://www.w3.org/TR/xhtml1/DTD/xhtml1-transitional.dtd">
<html xmlns="http://www.w3.org/1999/xhtml" xml:lang="en" lang="en">
 <head>
  <title>
</title>
<meta http-equiv="Content-Type" content="text/html;charset=utf-8" />
  <meta name='ocr-system' content='tesseract 3.04.00' />
  <meta name='ocr-capabilities' content='ocr_page ocr_carea ocr_par ocr_line ocrx_word'/>
</head>
<body>
  <div class='ocr_page' id='page_1' title='image "./desedibusetcaus06adelgoog_0634.png"; bbox 0 0 2798 4668; ppageno 0'>
   <div class='ocr_carea' id='block_1_1' title="bbox 130 396 1145 495">
    <p class='ocr_par' dir='ltr' id='par_1_1' title="bbox 130 396 1145 495">
     <span class='ocr_line' id='line_1_1' title="bbox 130 396 1145 495; baseline 0.004 -30"><span class='ocrx_word' id='word_1_1' title='bbox 130 408 132 411; x_wconf 82' lang='grc'><strong>’</strong></span> <span class='ocrx_word' id='word_1_2' title='bbox 250 420 319 465; x_wconf 80' lang='lat' dir='ltr'>mr.</span> <span class='ocrx_word' id='word_1_3' title='bbox 347 419 372 464; x_wconf 90' lang='lat'>1.</span> <span class='ocrx_word' id='word_1_4' title='bbox 401 400 928 495; x_wconf 71' lang='lat' dir='ltr'>oruouarscirtrrs,rr1sr.</span> <span class='ocrx_word' id='word_1_5' title='bbox 955 419 1020 467; x_wconf 79' lang='lat' dir='ltr'>rur.</span> <span class='ocrx_word' id='word_1_6' title='bbox 1073 396 1145 469; x_wconf 80' lang='lat'>623</span> 
     </span>
    </p>
   </div>
   <div class='ocr_carea' id='block_1_2' title="bbox 129 529 1145 3454">
    <p class='ocr_par' dir='ltr' id='par_1_2' title="bbox 129 529 1145 3454">
     <span class='ocr_line' id='line_1_2' title="bbox 134 529 1143 630; baseline 0.002 -27"><span class='ocrx_word' id='word_1_7' title='bbox 134 533 363 628; x_wconf 90' lang='lat' dir='ltr'>deutroque</span> <span class='ocrx_word' id='word_1_8' title='bbox 377 531 512 607; x_wconf 93' lang='lat' dir='ltr'>morbo</span> <span class='ocrx_word' id='word_1_9' title='bbox 531 532 639 630; x_wconf 90' lang='lat' dir='ltr'>plura</span> <span class='ocrx_word' id='word_1_10' title='bbox 654 532 777 629; x_wconf 87' lang='lat' dir='ltr'>cupis;</span> <span class='ocrx_word' id='word_1_11' title='bbox 794 530 840 603; x_wconf 91' lang='lat' dir='ltr'>de</span> <span class='ocrx_word' id='word_1_12' title='bbox 854 529 1143 630; x_wconf 82' lang='lat' dir='ltr'>Hydrooephalo</span> 
     </span>
     <span class='ocr_line' id='line_1_3' title="bbox 135 646 1142 748; baseline 0.003 -28"><span class='ocrx_word' id='word_1_13' title='bbox 135 650 293 748; x_wconf 87' lang='lat' dir='ltr'>quidem</span> <span class='ocrx_word' id='word_1_14' title='bbox 308 648 376 719; x_wconf 93' lang='lat' dir='ltr'>tibi</span> <span class='ocrx_word' id='word_1_15' title='bbox 386 653 525 748; x_wconf 92' lang='lat' dir='ltr'>poterit</span> <span class='ocrx_word' id='word_1_16' title='bbox 542 646 751 723; x_wconf 79' lang='lat' dir='ltr'>satisfacere</span> <span class='ocrx_word' id='word_1_17' title='bbox 762 651 819 719; x_wconf 88' lang='lat' dir='ltr'>vir</span> <span class='ocrx_word' id='word_1_18' title='bbox 836 650 959 727; x_wconf 83' lang='lat' dir='ltr'>clarus</span> <span class='ocrx_word' id='word_1_19' title='bbox 974 656 1028 723; x_wconf 78' lang='lat' dir='ltr'>lo,</span> <span class='ocrx_word' id='word_1_20' title='bbox 1044 652 1142 725; x_wconf 88' lang='lat' dir='ltr'>Rud.</span> 
     </span>
     <span class='ocr_line' id='line_1_4' title="bbox 134 764 1144 867; baseline 0.002 -28"><span class='ocrx_word' id='word_1_21' title='bbox 134 767 354 867; x_wconf 77' lang='lat' dir='ltr'>Zwingerus</span> <span class='ocrx_word' id='word_1_22' title='bbox 368 764 441 865; x_wconf 77' lang='grc' dir='ltr'>(ι),</span> <span class='ocrx_word' id='word_1_23' title='bbox 457 794 477 838; x_wconf 86' lang='lat' dir='ltr'>a</span> <span class='ocrx_word' id='word_1_24' title='bbox 491 793 590 864; x_wconf 89' lang='lat' dir='ltr'>quo,</span> <span class='ocrx_word' id='word_1_25' title='bbox 607 792 691 841; x_wconf 87' lang='lat' dir='ltr'>cum</span> <span class='ocrx_word' id='word_1_26' title='bbox 709 766 786 841; x_wconf 72' lang='lat' dir='ltr'>hec</span> <span class='ocrx_word' id='word_1_27' title='bbox 799 767 1025 864; x_wconf 83' lang='lat' dir='ltr'>relegerem,</span> <span class='ocrx_word' id='word_1_28' title='bbox 1044 769 1144 843; x_wconf 90' lang='lat' dir='ltr'>illius</span> 
     </span>
     <span class='ocr_line' id='line_1_5' title="bbox 137 880 1144 983; baseline 0.002 -26"><span class='ocrx_word' id='word_1_29' title='bbox 137 884 308 980; x_wconf 78' lang='lat' dir='ltr'>exempla</span> <span class='ocrx_word' id='word_1_30' title='bbox 325 909 404 955; x_wconf 89' lang='lat' dir='ltr'>non</span> <span class='ocrx_word' id='word_1_31' title='bbox 425 881 543 952; x_wconf 91' lang='lat' dir='ltr'>modo</span> <span class='ocrx_word' id='word_1_32' title='bbox 561 882 717 953; x_wconf 89' lang='lat' dir='ltr'>collecta</span> <span class='ocrx_word' id='word_1_33' title='bbox 734 880 831 970; x_wconf 87' lang='lat' dir='ltr'>vidi;</span> <span class='ocrx_word' id='word_1_34' title='bbox 853 883 917 953; x_wconf 89' lang='lat' dir='ltr'>sed</span> <span class='ocrx_word' id='word_1_35' title='bbox 932 899 968 955; x_wconf 90' lang='lat' dir='ltr'>et</span> <span class='ocrx_word' id='word_1_36' title='bbox 986 885 1144 983; x_wconf 84' lang='lat' dir='ltr'>diligen-</span> 
     </span>
     <span class='ocr_line' id='line_1_6' title="bbox 136 1000 1145 1100; baseline 0.004 -27"><span class='ocrx_word' id='word_1_37' title='bbox 136 1016 195 1073; x_wconf 88' lang='lat' dir='ltr'>ter</span> <span class='ocrx_word' id='word_1_38' title='bbox 212 1026 254 1081; x_wconf 81' lang='lat' dir='ltr'>ao</span> <span class='ocrx_word' id='word_1_39' title='bbox 273 1000 473 1087; x_wconf 80' lang='lat' dir='ltr'>distribute</span> <span class='ocrx_word' id='word_1_40' title='bbox 497 1000 595 1072; x_wconf 86' lang='lat' dir='ltr'>iuter</span> <span class='ocrx_word' id='word_1_41' title='bbox 624 1024 661 1071; x_wconf 88' lang='lat' dir='ltr'>se</span> <span class='ocrx_word' id='word_1_42' title='bbox 692 1013 929 1096; x_wconf 86' lang='lat' dir='ltr'>comparata:</span> <span class='ocrx_word' id='word_1_43' title='bbox 952 1001 998 1072; x_wconf 91' lang='lat' dir='ltr'>de</span> <span class='ocrx_word' id='word_1_44' title='bbox 1016 1006 1145 1100; x_wconf 87' lang='lat' dir='ltr'>aqueis</span> 
     </span>
     <span class='ocr_line' id='line_1_7' title="bbox 136 1116 1142 1217; baseline -0.003 -18"><span class='ocrx_word' id='word_1_45' title='bbox 136 1135 264 1199; x_wconf 85' lang='lat' dir='ltr'>autem</span> <span class='ocrx_word' id='word_1_46' title='bbox 281 1121 395 1217; x_wconf 77' lang='lat' dir='ltr'>spinae</span> <span class='ocrx_word' id='word_1_47' title='bbox 409 1116 643 1205; x_wconf 88' lang='lat' dir='ltr'>tumoribus,</span> <span class='ocrx_word' id='word_1_48' title='bbox 664 1131 799 1214; x_wconf 84' lang='lat' dir='ltr'>praeter</span> <span class='ocrx_word' id='word_1_49' title='bbox 816 1120 1021 1216; x_wconf 85' lang='lat' dir='ltr'>Georgium</span> <span class='ocrx_word' id='word_1_50' title='bbox 1045 1121 1142 1195; x_wconf 81' lang='lat' dir='ltr'>Frid.</span> 
     </span>
     <span class='ocr_line' id='line_1_8' title="bbox 134 1236 1143 1337; baseline -0.004 -24"><span class='ocrx_word' id='word_1_51' title='bbox 134 1239 313 1320; x_wconf 85' lang='lat' dir='ltr'>Orthium</span> <span class='ocrx_word' id='word_1_52' title='bbox 324 1241 364 1310; x_wconf 86' lang='lat' dir='ltr'>in</span> <span class='ocrx_word' id='word_1_53' title='bbox 375 1239 476 1311; x_wconf 89' lang='lat' dir='ltr'>lectu</span> <span class='ocrx_word' id='word_1_54' title='bbox 485 1239 618 1337; x_wconf 85' lang='lat' dir='ltr'>digna,</span> <span class='ocrx_word' id='word_1_55' title='bbox 634 1237 792 1333; x_wconf 86' lang='lat' dir='ltr'>utilique</span> <span class='ocrx_word' id='word_1_56' title='bbox 803 1236 1063 1311; x_wconf 85' lang='lat' dir='ltr'>dissertatione</span> <span class='ocrx_word' id='word_1_57' title='bbox 1077 1237 1143 1335; x_wconf 66' lang='grc' dir='ltr'>(α),</span> 
     </span>
     <span class='ocr_line' id='line_1_9' title="bbox 135 1355 1142 1457; baseline -0.002 -27"><span class='ocrx_word' id='word_1_58' title='bbox 135 1382 272 1457; x_wconf 84' lang='lat' dir='ltr'>quam,</span> <span class='ocrx_word' id='word_1_59' title='bbox 290 1356 445 1456; x_wconf 71' lang='lat' dir='ltr'>preside</span> <span class='ocrx_word' id='word_1_60' title='bbox 459 1361 513 1427; x_wconf 84' lang='lat' dir='ltr'>Jo.</span> <span class='ocrx_word' id='word_1_61' title='bbox 526 1356 766 1443; x_wconf 80' lang='lat' dir='ltr'>SalzmaunO,</span> <span class='ocrx_word' id='word_1_62' title='bbox 776 1355 964 1444; x_wconf 82' lang='lat' dir='ltr'>ediderat,</span> <span class='ocrx_word' id='word_1_63' title='bbox 979 1358 1048 1427; x_wconf 90' lang='lat' dir='ltr'>viri</span> <span class='ocrx_word' id='word_1_64' title='bbox 1058 1381 1142 1428; x_wconf 93' lang='lat' dir='ltr'>eru·</span> 
     </span>
     <span class='ocr_line' id='line_1_10' title="bbox 134 1473 1141 1572; baseline 0.002 -26"><span class='ocrx_word' id='word_1_65' title='bbox 134 1476 309 1558; x_wconf 73' lang='lat' dir='ltr'>ditissimi</span> <span class='ocrx_word' id='word_1_66' title='bbox 331 1475 525 1554; x_wconf 79' lang='lat' dir='ltr'>Platnerur</span> <span class='ocrx_word' id='word_1_67' title='bbox 545 1474 618 1572; x_wconf 80' lang='lat'>(3),</span> <span class='ocrx_word' id='word_1_68' title='bbox 640 1488 677 1549; x_wconf 90' lang='lat' dir='ltr'>et</span> <span class='ocrx_word' id='word_1_69' title='bbox 694 1474 859 1553; x_wconf 81' lang='lat' dir='ltr'>Trewius</span> <span class='ocrx_word' id='word_1_70' title='bbox 878 1473 957 1570; x_wconf 75' lang='lat'>(4):</span> <span class='ocrx_word' id='word_1_71' title='bbox 979 1498 1141 1570; x_wconf 89' lang='lat' dir='ltr'>quorum</span> 
     </span>
     <span class='ocr_line' id='line_1_11' title="bbox 135 1591 1142 1689; baseline -0.002 -20"><span class='ocrx_word' id='word_1_72' title='bbox 135 1593 200 1675; x_wconf 80' lang='lat' dir='ltr'>ille</span> <span class='ocrx_word' id='word_1_73' title='bbox 214 1618 298 1673; x_wconf 81' lang='lat' dir='ltr'>eum</span> <span class='ocrx_word' id='word_1_74' title='bbox 313 1591 444 1681; x_wconf 84' lang='lat' dir='ltr'>iisdem</span> <span class='ocrx_word' id='word_1_75' title='bbox 458 1591 671 1667; x_wconf 88' lang='lat' dir='ltr'>tumoribus</span> <span class='ocrx_word' id='word_1_76' title='bbox 681 1591 823 1689; x_wconf 85' lang='lat' dir='ltr'>aliquid</span> <span class='ocrx_word' id='word_1_77' title='bbox 833 1593 1049 1689; x_wconf 77' lang='lat' dir='ltr'>attingeret,</span> <span class='ocrx_word' id='word_1_78' title='bbox 1062 1593 1142 1689; x_wconf 86' lang='lat' dir='ltr'>ipse</span> 
     </span>
     <span class='ocr_line' id='line_1_12' title="bbox 133 1708 1142 1808; baseline -0.003 -26"><span class='ocrx_word' id='word_1_79' title='bbox 133 1734 293 1808; x_wconf 85' lang='lat' dir='ltr'>quoque</span> <span class='ocrx_word' id='word_1_80' title='bbox 309 1710 580 1808; x_wconf 86' lang='lat' dir='ltr'>plerorumque</span> <span class='ocrx_word' id='word_1_81' title='bbox 597 1708 775 1785; x_wconf 77' lang='lat' dir='ltr'>indicavit</span> <span class='ocrx_word' id='word_1_82' title='bbox 803 1711 958 1783; x_wconf 84' lang='lat' dir='ltr'>nomina</span> <span class='ocrx_word' id='word_1_83' title='bbox 983 1711 1049 1806; x_wconf 90' lang='lat' dir='ltr'>qui</span> <span class='ocrx_word' id='word_1_84' title='bbox 1078 1733 1142 1781; x_wconf 57' lang='lat' dir='ltr'>eo,</span> 
     </span>
     <span class='ocr_line' id='line_1_13' title="bbox 135 1826 1143 1924; baseline -0.001 -21"><span class='ocrx_word' id='word_1_85' title='bbox 135 1852 223 1909; x_wconf 82' lang='lat' dir='ltr'>rum</span> <span class='ocrx_word' id='word_1_86' title='bbox 238 1827 412 1907; x_wconf 84' lang='lat' dir='ltr'>historias</span> <span class='ocrx_word' id='word_1_87' title='bbox 427 1828 756 1924; x_wconf 86' lang='lat' dir='ltr'>oouscripserunt,</span> <span class='ocrx_word' id='word_1_88' title='bbox 772 1826 835 1899; x_wconf 88' lang='lat' dir='ltr'>hio</span> <span class='ocrx_word' id='word_1_89' title='bbox 854 1852 945 1898; x_wconf 89' lang='lat' dir='ltr'>vero</span> <span class='ocrx_word' id='word_1_90' title='bbox 961 1850 1048 1897; x_wconf 88' lang='lat' dir='ltr'>oum</span> <span class='ocrx_word' id='word_1_91' title='bbox 1059 1852 1143 1903; x_wconf 86' lang='lat' dir='ltr'>auc·</span> 
     </span>
     <span class='ocr_line' id='line_1_14' title="bbox 133 1924 1142 2042; baseline -0.012 -13"><span class='ocrx_word' id='word_1_92' title='bbox 133 1961 238 2029; x_wconf 81' lang='lat' dir='ltr'>tores</span> <span class='ocrx_word' id='word_1_93' title='bbox 251 1945 344 2023; x_wconf 81' lang='lat' dir='ltr'>alios</span> <span class='ocrx_word' id='word_1_94' title='bbox 361 1945 526 2033; x_wconf 82' lang='lat' dir='ltr'>addidit,</span> <span class='ocrx_word' id='word_1_95' title='bbox 544 1959 625 2021; x_wconf 88' lang='lat' dir='ltr'>tum</span> <span class='ocrx_word' id='word_1_96' title='bbox 643 1969 727 2019; x_wconf 86' lang='lat' dir='ltr'>suas</span> <span class='ocrx_word' id='word_1_97' title='bbox 749 1924 948 2042; x_wconf 80' lang='lat' dir='ltr'>proposuit</span> <span class='ocrx_word' id='word_1_98' title='bbox 966 1945 1142 2017; x_wconf 85' lang='lat' dir='ltr'>observa·</span> 
     </span>
     <span class='ocr_line' id='line_1_15' title="bbox 134 2060 1140 2159; baseline -0.002 -25"><span class='ocrx_word' id='word_1_99' title='bbox 134 2065 275 2151; x_wconf 66' lang='lat' dir='ltr'>tiones,</span> <span class='ocrx_word' id='word_1_100' title='bbox 294 2061 546 2158; x_wconf 86' lang='lat' dir='ltr'>omnibusque</span> <span class='ocrx_word' id='word_1_101' title='bbox 566 2061 760 2159; x_wconf 83' lang='lat' dir='ltr'>perpensis</span> <span class='ocrx_word' id='word_1_102' title='bbox 779 2076 1045 2158; x_wconf 83' lang='lat' dir='ltr'>argumentum</span> <span class='ocrx_word' id='word_1_103' title='bbox 1066 2060 1140 2138; x_wconf 89' lang='lat' dir='ltr'>hoc</span> 
     </span>
     <span class='ocr_line' id='line_1_16' title="bbox 133 2178 1142 2280; baseline 0 -29"><span class='ocrx_word' id='word_1_104' title='bbox 133 2182 273 2280; x_wconf 68' lang='lat' dir='ltr'>partite</span> <span class='ocrx_word' id='word_1_105' title='bbox 284 2178 383 2269; x_wconf 79' lang='lat' dir='ltr'>‚fuse</span> <span class='ocrx_word' id='word_1_106' title='bbox 401 2193 662 2276; x_wconf 81' lang='lat' dir='ltr'>accurateque,</span> <span class='ocrx_word' id='word_1_107' title='bbox 672 2180 702 2255; x_wconf 88' lang='lat' dir='ltr'>si</span> <span class='ocrx_word' id='word_1_108' title='bbox 715 2180 800 2274; x_wconf 87' lang='lat' dir='ltr'>quis</span> <span class='ocrx_word' id='word_1_109' title='bbox 816 2179 926 2266; x_wconf 76' lang='lat' dir='ltr'>aliuS,</span> <span class='ocrx_word' id='word_1_110' title='bbox 943 2193 1142 2276; x_wconf 85' lang='lat' dir='ltr'>pertracta·</span> 
     </span>
     <span class='ocr_line' id='line_1_17' title="bbox 133 2276 1142 2394; baseline 0.001 -24"><span class='ocrx_word' id='word_1_111' title='bbox 133 2299 206 2388; x_wconf 74' lang='lat' dir='ltr'>uit,</span> <span class='ocrx_word' id='word_1_112' title='bbox 231 2322 303 2381; x_wconf 82' lang='lat' dir='ltr'>neo</span> <span class='ocrx_word' id='word_1_113' title='bbox 320 2295 516 2394; x_wconf 86' lang='lat' dir='ltr'>quomodo</span> <span class='ocrx_word' id='word_1_114' title='bbox 545 2298 721 2392; x_wconf 78' lang='lat' dir='ltr'>conjiciat</span> <span class='ocrx_word' id='word_1_115' title='bbox 748 2276 1142 2371; x_wconf 62' lang='lat' dir='ltr'>curationem‘tentari</span> 
     </span>
     <span class='ocr_line' id='line_1_18' title="bbox 132 2414 1140 2513; baseline -0.014 -14"><span class='ocrx_word' id='word_1_116' title='bbox 132 2431 175 2499; x_wconf 85' lang='lat' dir='ltr'>et</span> <span class='ocrx_word' id='word_1_117' title='bbox 185 2414 328 2497; x_wconf 69' lang='lat' dir='ltr'>absolvi</span> <span class='ocrx_word' id='word_1_118' title='bbox 343 2439 469 2513; x_wconf 86' lang='lat' dir='ltr'>posse,</span> <span class='ocrx_word' id='word_1_119' title='bbox 480 2414 728 2511; x_wconf 79' lang='lat' dir='ltr'>praetermisit.</span> <span class='ocrx_word' id='word_1_120' title='bbox 745 2416 917 2502; x_wconf 88' lang='lat' dir='ltr'>Quorum</span> <span class='ocrx_word' id='word_1_121' title='bbox 928 2415 958 2484; x_wconf 90' lang='lat' dir='ltr'>si</span> <span class='ocrx_word' id='word_1_122' title='bbox 968 2417 1140 2490; x_wconf 86' lang='lat' dir='ltr'>omnium</span> 
     </span>
     <span class='ocr_line' id='line_1_19' title="bbox 134 2528 1141 2630; baseline -0.002 -23"><span class='ocrx_word' id='word_1_123' title='bbox 134 2534 274 2630; x_wconf 69' lang='lat' dir='ltr'>scripta</span> <span class='ocrx_word' id='word_1_124' title='bbox 289 2547 494 2629; x_wconf 75' lang='lat' dir='ltr'>antequam</span> <span class='ocrx_word' id='word_1_125' title='bbox 512 2531 579 2611; x_wconf 85' lang='lat' dir='ltr'>has</span> <span class='ocrx_word' id='word_1_126' title='bbox 599 2531 763 2628; x_wconf 90' lang='lat' dir='ltr'>primum</span> <span class='ocrx_word' id='word_1_127' title='bbox 782 2528 829 2601; x_wconf 90' lang='lat' dir='ltr'>ad</span> <span class='ocrx_word' id='word_1_128' title='bbox 845 2544 880 2600; x_wconf 91' lang='lat' dir='ltr'>te</span> <span class='ocrx_word' id='word_1_129' title='bbox 894 2531 1035 2603; x_wconf 85' lang='lat' dir='ltr'>litteras</span> <span class='ocrx_word' id='word_1_130' title='bbox 1054 2532 1141 2605; x_wconf 85' lang='lat' dir='ltr'>mit·</span> 
     </span>
     <span class='ocr_line' id='line_1_20' title="bbox 132 2646 1141 2747; baseline -0.003 -26"><span class='ocrx_word' id='word_1_131' title='bbox 132 2665 254 2736; x_wconf 71' lang='lat' dir='ltr'>terem</span> <span class='ocrx_word' id='word_1_132' title='bbox 269 2652 309 2723; x_wconf 84' lang='lat' dir='ltr'>in</span> <span class='ocrx_word' id='word_1_133' title='bbox 326 2675 428 2723; x_wconf 86' lang='lat' dir='ltr'>meas</span> <span class='ocrx_word' id='word_1_134' title='bbox 437 2649 695 2747; x_wconf 85' lang='lat' dir='ltr'>pervenissent</span> <span class='ocrx_word' id='word_1_135' title='bbox 703 2672 857 2736; x_wconf 88' lang='lat' dir='ltr'>manus,</span> <span class='ocrx_word' id='word_1_136' title='bbox 875 2646 1059 2725; x_wconf 83' lang='lat' dir='ltr'>dedissem</span> <span class='ocrx_word' id='word_1_137' title='bbox 1072 2650 1141 2718; x_wconf 88' lang='lat' dir='ltr'>uti·</span> 
     </span>
     <span class='ocr_line' id='line_1_21' title="bbox 130 2763 1140 2866; baseline -0.01 -19"><span class='ocrx_word' id='word_1_138' title='bbox 130 2792 211 2866; x_wconf 82' lang='lat' dir='ltr'>que</span> <span class='ocrx_word' id='word_1_139' title='bbox 226 2793 399 2866; x_wconf 86' lang='lat' dir='ltr'>operam,</span> <span class='ocrx_word' id='word_1_140' title='bbox 415 2783 458 2845; x_wconf 90' lang='lat' dir='ltr'>ut</span> <span class='ocrx_word' id='word_1_141' title='bbox 473 2767 699 2853; x_wconf 86' lang='lat' dir='ltr'>nonnullos,</span> <span class='ocrx_word' id='word_1_142' title='bbox 720 2763 860 2864; x_wconf 74' lang='lat' dir='ltr'>quibus</span> <span class='ocrx_word' id='word_1_143' title='bbox 878 2765 1002 2839; x_wconf 89' lang='lat' dir='ltr'>adhuc</span> <span class='ocrx_word' id='word_1_144' title='bbox 1016 2792 1140 2856; x_wconf 78' lang='lat' dir='ltr'>cereo,</span> 
     </span>
     <span class='ocr_line' id='line_1_22' title="bbox 130 2883 1142 2983; baseline 0.007 -26"><span class='ocrx_word' id='word_1_145' title='bbox 130 2885 253 2969; x_wconf 70' lang='lat' dir='ltr'>libros</span> <span class='ocrx_word' id='word_1_146' title='bbox 279 2888 525 2967; x_wconf 84' lang='lat' dir='ltr'>nanciscerer.</span> <span class='ocrx_word' id='word_1_147' title='bbox 548 2886 729 2983; x_wconf 80' lang='lat' dir='ltr'>Pleraque</span> <span class='ocrx_word' id='word_1_148' title='bbox 757 2901 880 2963; x_wconf 87' lang='lat' dir='ltr'>tameu</span> <span class='ocrx_word' id='word_1_149' title='bbox 906 2909 989 2981; x_wconf 82' lang='lat' dir='ltr'>quae</span> <span class='ocrx_word' id='word_1_150' title='bbox 1016 2883 1142 2963; x_wconf 80' lang='lat' dir='ltr'>morbi</span> 
     </span>
     <span class='ocr_line' id='line_1_23' title="bbox 131 3001 1141 3102; baseline -0.018 -13"><span class='ocrx_word' id='word_1_151' title='bbox 131 3006 331 3102; x_wconf 77' lang='lat' dir='ltr'>utriusque</span> <span class='ocrx_word' id='word_1_152' title='bbox 350 3018 521 3102; x_wconf 84' lang='lat' dir='ltr'>prostant</span> <span class='ocrx_word' id='word_1_153' title='bbox 540 3002 730 3099; x_wconf 79' lang='lat' dir='ltr'>exempla,</span> <span class='ocrx_word' id='word_1_154' title='bbox 751 3016 793 3081; x_wconf 84' lang='lat' dir='ltr'>ut</span> <span class='ocrx_word' id='word_1_155' title='bbox 811 3001 939 3075; x_wconf 78' lang='lat' dir='ltr'>videre</span> <span class='ocrx_word' id='word_1_156' title='bbox 953 3026 1054 3077; x_wconf 88' lang='lat' dir='ltr'>nuuc</span> <span class='ocrx_word' id='word_1_157' title='bbox 1071 3025 1141 3099; x_wconf 59' lang='lat' dir='ltr'>po*</span> 
     </span>
     <span class='ocr_line' id='line_1_24' title="bbox 131 3119 1142 3218; baseline -0.002 -19"><span class='ocrx_word' id='word_1_158' title='bbox 131 3122 249 3211; x_wconf 81' lang='lat' dir='ltr'>teris,</span> <span class='ocrx_word' id='word_1_159' title='bbox 270 3122 583 3210; x_wconf 80' lang='lat' dir='ltr'>commemoravi,</span> <span class='ocrx_word' id='word_1_160' title='bbox 600 3135 636 3197; x_wconf 87' lang='lat' dir='ltr'>et</span> <span class='ocrx_word' id='word_1_161' title='bbox 645 3119 817 3218; x_wconf 77' lang='lat' dir='ltr'>quaedam</span> <span class='ocrx_word' id='word_1_162' title='bbox 833 3120 902 3195; x_wconf 86' lang='lat' dir='ltr'>alia</span> <span class='ocrx_word' id='word_1_163' title='bbox 912 3133 976 3195; x_wconf 81' lang='lat' dir='ltr'>aut</span> <span class='ocrx_word' id='word_1_164' title='bbox 988 3120 1032 3190; x_wconf 86' lang='lat' dir='ltr'>iis</span> <span class='ocrx_word' id='word_1_165' title='bbox 1044 3142 1142 3216; x_wconf 77' lang='lat' dir='ltr'>quot</span> 
     </span>
     <span class='ocr_line' id='line_1_25' title="bbox 131 3237 1141 3338; baseline -0.004 -23"><span class='ocrx_word' id='word_1_166' title='bbox 131 3238 248 3322; x_wconf 74' lang='lat' dir='ltr'>laudo</span> <span class='ocrx_word' id='word_1_167' title='bbox 258 3293 268 3328; x_wconf 82' lang='lat'><em>‚</em></span> <span class='ocrx_word' id='word_1_168' title='bbox 278 3239 517 3338; x_wconf 56' lang='lat' dir='ltr'>,protervum</span> <span class='ocrx_word' id='word_1_169' title='bbox 535 3252 600 3313; x_wconf 87' lang='lat' dir='ltr'>aut</span> <span class='ocrx_word' id='word_1_170' title='bbox 610 3238 796 3325; x_wconf 79' lang='lat' dir='ltr'>necdum,</span> <span class='ocrx_word' id='word_1_171' title='bbox 815 3262 902 3309; x_wconf 89' lang='lat' dir='ltr'>cum</span> <span class='ocrx_word' id='word_1_172' title='bbox 917 3237 971 3315; x_wconf 83' lang='lat' dir='ltr'>illi</span> <span class='ocrx_word' id='word_1_173' title='bbox 986 3238 1141 3334; x_wconf 56' lang='lat' dir='ltr'>scripse,-</span> 
     </span>
     <span class='ocr_line' id='line_1_26' title="bbox 129 3354 1140 3454; baseline -0.005 -15"><span class='ocrx_word' id='word_1_174' title='bbox 129 3372 246 3445; x_wconf 69' lang='lat' dir='ltr'>nint,</span> <span class='ocrx_word' id='word_1_175' title='bbox 258 3357 358 3439; x_wconf 79' lang='lat' dir='ltr'>edita</span> <span class='ocrx_word' id='word_1_176' title='bbox 377 3357 551 3454; x_wconf 73' lang='lat' dir='ltr'>adjunxi,</span> <span class='ocrx_word' id='word_1_177' title='bbox 568 3356 606 3433; x_wconf 87' lang='lat' dir='ltr'>id</span> <span class='ocrx_word' id='word_1_178' title='bbox 622 3356 728 3454; x_wconf 88' lang='lat' dir='ltr'>quod</span> <span class='ocrx_word' id='word_1_179' title='bbox 743 3355 920 3433; x_wconf 69' lang='lat' dir='ltr'>omnious</span> <span class='ocrx_word' id='word_1_180' title='bbox 936 3355 1004 3452; x_wconf 88' lang='lat' dir='ltr'>qui</span> <span class='ocrx_word' id='word_1_181' title='bbox 1018 3354 1140 3433; x_wconf 81' lang='lat' dir='ltr'>ultimi</span> 
     </span>
    </p>
   </div>
   <div class='ocr_carea' id='block_1_3' title="bbox 168 3659 1002 4065">
    <p class='ocr_par' dir='ltr' id='par_1_3' title="bbox 175 3659 659 3759">
     <span class='ocr_line' id='line_1_27' title="bbox 175 3659 659 3759; baseline -0.008 -20"><span class='ocrx_word' id='word_1_182' title='bbox 175 3681 219 3759; x_wconf 75' lang='lat' dir='ltr'>(r)</span> <span class='ocrx_word' id='word_1_183' title='bbox 239 3685 305 3739; x_wconf 80' lang='lat' dir='ltr'>Aet.</span> <span class='ocrx_word' id='word_1_184' title='bbox 320 3683 451 3754; x_wconf 79' lang='lat' dir='ltr'>Helvet,</span> <span class='ocrx_word' id='word_1_185' title='bbox 463 3659 525 3737; x_wconf 69' lang='lat' dir='ltr'>vol.⁴</span> <span class='ocrx_word' id='word_1_186' title='bbox 541 3700 571 3750; x_wconf 89' lang='lat'>1,</span> <span class='ocrx_word' id='word_1_187' title='bbox 590 3699 616 3737; x_wconf 90' lang='lat' dir='ltr'>c.</span> <span class='ocrx_word' id='word_1_188' title='bbox 633 3699 659 3735; x_wconf 89' lang='lat'>1.</span> 
     </span>
    </p>

    <p class='ocr_par' dir='ltr' id='par_1_4' title="bbox 168 3770 888 3859">
     <span class='ocr_line' id='line_1_28' title="bbox 168 3770 888 3859; baseline 0.003 -24"><span class='ocrx_word' id='word_1_189' title='bbox 168 3779 218 3859; x_wconf 76' lang='lat' dir='ltr'>(a)</span> <span class='ocrx_word' id='word_1_190' title='bbox 238 3785 283 3840; x_wconf 89' lang='lat' dir='ltr'>De</span> <span class='ocrx_word' id='word_1_191' title='bbox 296 3783 439 3858; x_wconf 86' lang='lat' dir='ltr'>quihusd.</span> <span class='ocrx_word' id='word_1_192' title='bbox 452 3770 607 3838; x_wconf 83' lang='lat' dir='ltr'>Tumorib.</span> <span class='ocrx_word' id='word_1_193' title='bbox 619 3780 724 3838; x_wconf 71' lang='lat' dir='ltr'>Tunic-</span> <span class='ocrx_word' id='word_1_194' title='bbox 741 3779 888 3837; x_wconf 78' lang='lat' dir='ltr'>Extemis.</span> 
     </span>
    </p>

    <p class='ocr_par' dir='ltr' id='par_1_5' title="bbox 174 3880 669 3961">
     <span class='ocr_line' id='line_1_29' title="bbox 174 3880 669 3961; baseline -0.006 -21"><span class='ocrx_word' id='word_1_195' title='bbox 174 3880 219 3960; x_wconf 75' lang='lat'>(3)</span> <span class='ocrx_word' id='word_1_196' title='bbox 238 3886 343 3961; x_wconf 83' lang='lat' dir='ltr'>Progr.</span> <span class='ocrx_word' id='word_1_197' title='bbox 356 3884 406 3939; x_wconf 86' lang='lat' dir='ltr'>eit.</span> <span class='ocrx_word' id='word_1_198' title='bbox 420 3901 511 3958; x_wconf 91' lang='lat' dir='ltr'>supra</span> <span class='ocrx_word' id='word_1_199' title='bbox 524 3883 562 3938; x_wconf 93' lang='lat' dir='ltr'>ad</span> <span class='ocrx_word' id='word_1_200' title='bbox 575 3901 605 3937; x_wconf 89' lang='lat' dir='ltr'>n.</span> <span class='ocrx_word' id='word_1_201' title='bbox 623 3901 669 3937; x_wconf 89' lang='lat'>11.</span> 
     </span>
    </p>

    <p class='ocr_par' dir='ltr' id='par_1_6' title="bbox 174 3979 1002 4065">
     <span class='ocr_line' id='line_1_30' title="bbox 174 3979 1002 4065; baseline -0.006 -26"><span class='ocrx_word' id='word_1_202' title='bbox 174 3981 218 4065; x_wconf 75' lang='lat'>(4)</span> <span class='ocrx_word' id='word_1_203' title='bbox 240 3985 403 4040; x_wconf 87' lang='lat' dir='ltr'>Commerc.</span> <span class='ocrx_word' id='word_1_204' title='bbox 420 3983 470 4041; x_wconf 78' lang='lat' dir='ltr'>cit.</span> <span class='ocrx_word' id='word_1_205' title='bbox 485 4000 576 4059; x_wconf 79' lang='lat' dir='ltr'>supra</span> <span class='ocrx_word' id='word_1_206' title='bbox 589 3982 628 4039; x_wconf 82' lang='lat' dir='ltr'>ad</span> <span class='ocrx_word' id='word_1_207' title='bbox 641 4000 738 4051; x_wconf 74' lang='lat' dir='ltr'>mro,</span> <span class='ocrx_word' id='word_1_208' title='bbox 753 3979 848 4038; x_wconf 72' lang='lat' dir='ltr'>nott.</span> <span class='ocrx_word' id='word_1_209' title='bbox 863 3997 900 4036; x_wconf 76' lang='lat' dir='ltr'>ao</span> <span class='ocrx_word' id='word_1_210' title='bbox 910 3989 940 4036; x_wconf 83' lang='lat' dir='ltr'>et</span> <span class='ocrx_word' id='word_1_211' title='bbox 954 3996 1002 4035; x_wconf 74' lang='lat' dir='ltr'>ar.</span> 
     </span>
    </p>
   </div>
   <div class='ocr_carea' id='block_1_4' title="bbox 0 0 1404 4668">
    <p class='ocr_par' dir='ltr' id='par_1_7' title="bbox 0 0 1404 4668">
     <span class='ocr_line' id='line_1_31' title="bbox 0 0 1404 4668; baseline 0 2"><span class='ocrx_word' id='word_1_212' title='bbox 0 0 1404 4668; x_wconf 95' lang='lat' dir='ltr'> </span> 
     </span>
    </p>
   </div>
  </div>
 </body>
</html>
