2774 4666
292 433 363 520 254
465 457 513 502 ao
539 454 684 502 scurrus
708 456 752 502 rr
777 456 900 503 causta
925 454 1134 505 nonnonuir

294 568 424 643 lissimi
442 569 513 637 viri
527 569 756 639 Reaumurii.
768 569 1004 643 Hunauldius
1016 575 1118 643 enim
1133 577 1295 645 animad·
1376 560 1377 565 ¹

295 687 421 771 vertit,
433 708 621 773 necram,
638 686 677 755 in
697 685 906 782 puerilibus
924 691 1060 767 craniis
1077 706 1295 787 praemature
1376 684 1377 689 ἵ

165 799 169 804 ’
246 880 249 885 ,
297 803 524 899 constringi,
544 816 581 873 et
598 794 1082 901 ferruminari'sagittalem,
1100 823 1298 879 etcorona·
1376 796 1377 799 ¹

295 921 390 991 riam
409 935 576 1007 suturas,
602 935 878 1018 proptereaque
899 923 1054 995 minime
1083 924 1298 999 cedentibus

283 1037 465 1125 ossibus,
486 1060 689 1135 augescens
709 1038 908 1113 cerebrum
928 1043 1082 1130 arctari,
1104 1044 1297 1140 premique

297 1155 391 1227 adeo
403 1209 413 1242 ‚
424 1169 466 1228 ut
475 1155 515 1225 in
523 1179 602 1252 quo
611 1178 734 1253 puero
745 1154 906 1226 deletam
913 1158 989 1252 jam
1001 1182 1159 1254 prorsus
1173 1175 1299 1230 utram·
1376 1138 1377 1179 l

297 1300 372 1371 que
384 1289 552 1346 suturam
567 1274 783 1370 conspexit,
801 1274 897 1344 ineo
914 1271 1184 1373 profundiores
1194 1302 1298 1374 quam
1376 1280 1377 1329 1

299 1392 461 1479 soleant,
479 1392 519 1469 in
542 1392 743 1487 sincipitis,
772 1406 809 1461 et
830 1388 970 1463 vfrontis
987 1392 1137 1465 ossibus
1154 1418 1299 1469 excava-

298 1511 422 1585 tiones
439 1508 738 1608 deprehenderit
755 1509 805 1581 ad
833 1509 980 1580 cerebri
996 1509 1189 1583 anfractus
1216 1512 1299 1583 erci-

298 1627 470 1725 piendoa
489 1630 580 1716 Quae
600 1651 686 1697 cum
706 1627 757 1697 ita
780 1628 876 1716 sint,
895 1627 1022 1725 probe
1039 1627 1145 1700 rides
1163 1652 1246 1725 qnae
1268 1630 1299 1697 in

300 1744 525 1843 quibusdam
543 1760 608 1815 aut
630 1758 779 1842 semper
796 1766 892 1833 esse,
919 1760 981 1815 aut
1007 1743 1102 1816 forte
1130 1745 1300 1821 accedere

299 1864 446 1963 possint
455 1884 686 1959 causamque
694 1863 855 1960 spatium
865 1862 1300 1950 detrahendo,efficiant,

301 1997 344 2053 ut
354 2006 436 2078 quae
445 2003 545 2076 aqua
555 1980 594 2050 in
606 1980 687 2051 aliis
698 1979 985 2077 quibuseaedem
994 2000 1113 2052 causae
1121 1989 1301 2065 non-sunt,

302 2122 421 2194 usque
448 2097 543 2168 adeo
575 2121 654 2174 non
677 2111 811 2185 nocet,
838 2123 882 2168 ea
897 2110 1054 2195 repente
1077 2088 1222 2186 effusa,
1250 2111 1302 2171 ant

304 2238 422 2312 ocyus
442 2214 586 2301 addita,
603 2215 893 2312 comprimendo
905 2204 1041 2286 afferat
1057 2217 1302 2313 apoplexiam,

306 2356 464 2429 eamque
481 2334 542 2404 rel
561 2334 690 2420 citius,
708 2356 823 2428 quarn
841 2356 911 2430 par
926 2332 1211 2430 propemodum
1231 2356 1303 2405 san·

307 2451 431 2548 guinis
450 2447 560 2522 effusi
577 2451 685 2548 copia
703 2446 853 2520 afferret
867 2451 907 2518 in
924 2451 969 2520 iis
983 2449 1159 2521 videlieet
1174 2449 1303 2548 quibus

306 2567 469 2665 amplius
484 2568 583 2638 intra
600 2568 798 2638 calvariam
823 2569 984 2664 spatium
1008 2565 1116 2645 foret.
1138 2571 1228 2639 Non
1254 2589 1303 2637 me

234 2736 240 2754 .
307 2682 420 2783 fugit,
436 2685 759 2782 praestantissimos
773 2706 855 2755 esse
870 2685 970 2755 viros
988 2684 1124 2781 quibus
1139 2709 1222 2755 non
1236 2685 1304 2784 pla-

310 2818 369 2874 cet
384 2803 505 2873 ullum
531 2802 571 2871 in
599 2804 744 2899 magnis
770 2803 941 2900 corporis
966 2804 1086 2873 caveis
1111 2824 1303 2901 agnoscere

309 2925 487 3019 spatium,
497 2914 703 3019 sedplenaa
715 2921 809 2992 adeo
823 2942 956 2993 omnes
972 2935 1141 3019 ponant,
1158 2936 1200 2992 ut
1220 2918 1304 2991 nibil

309 3039 518 3137 quidquam
535 3038 624 3109 addi
635 3053 760 3135 queat.
773 3043 896 3110 Locus
907 3038 969 3109 hic
987 3062 1066 3109 non
1083 3055 1138 3110 est
1155 3062 1199 3110 ea
1211 3039 1255 3109 de
1268 3060 1304 3106 re

309 3155 409 3243 fuse,
428 3172 464 3227 et
480 3156 680 3254 diligenter
705 3156 914 3244 scribendi,
938 3156 1194 3253 videndique,
1223 3178 1303 3227 num

252 3294 256 3298 ·
310 3276 479 3345 cranium
494 3274 652 3344 omnino
663 3274 818 3372 plenum
831 3290 963 3372 pntare
978 3296 1131 3345 necesse
1144 3277 1209 3363 sit,
1229 3296 1303 3347 cnm

310 3393 392 3497 ejus
412 3394 493 3463 cari
522 3395 740 3465 continuata
762 3392 967 3492 appendix,
998 3393 1114 3464 tubus
1141 3376 1304 3464 ridelicet

197 3534 200 3542 “
309 3509 588 3598 vertebrarum,
608 3532 686 3581 non
703 3511 847 3608 ubique
867 3512 914 3582 sit
936 3511 1071 3609 plenus
1095 3512 1241 3582 cerebri
1256 3510 1304 3605 ip·

310 3628 387 3700 sins
403 3629 611 3727 appendice
622 3683 632 3716 ,
645 3629 779 3726 spirali
789 3683 799 3716 ,
810 3628 991 3715 medulla,
1005 3629 1149 3727 quippe
1161 3684 1171 3717 ,
1181 3642 1220 3698 ul
1231 3647 1305 3696 nos

311 3746 359 3832 ti,
377 3770 455 3819 non
477 3771 635 3844 parvum
656 3747 860 3843 praesertim
877 3746 927 3817 ad
953 3761 1138 3831 tractum,
1159 3749 1209 3818 sic
1226 3757 1306 3815 atte-

312 3878 443 3950 nuata,
471 3878 513 3931 ut
536 3864 755 3961 contingere
780 3887 885 3959 suam
914 3879 1077 3961 nequeat
1095 3848 1303 3937 crassiorem

311 3980 546 4076 meningem3
562 3980 728 4079 itemque
741 4006 835 4053 num
852 3981 1033 4055 callosum
1051 4005 1190 4080 corpus
1211 3975 1304 4075 quod
