2782 4668
174 470 242 516 LIB.
270 470 294 515 1·.
322 469 369 514 DE
395 468 530 515 Mutuus
554 467 712 531 cuturls,
735 467 846 516 ntusr.
873 468 953 515 v111.
1005 446 1073 546 377

72 608 150 653 non
167 582 433 652 meminissem.
458 586 575 651 Porro
594 581 634 649 in
652 581 846 679 superiore
867 581 1073 680 eademque

71 699 279 797 posteriore
292 698 420 769 callosi
435 699 604 797 corporis
621 695 712 768 facie
723 722 802 767 non
816 698 900 770 illos
908 714 1073 772 extantes

72 816 185 905 duos,
202 830 246 886 ut
263 814 516 912 Lancisius(r)
531 813 710 901 vocabat,
727 813 896 885 nervulos
912 815 1071 912 longitu-

71 933 235 1022 dinales,
255 933 319 1005 sed
332 922 465 1004 eorum
482 932 568 1003 loco
587 931 710 1004 sulcos
726 931 822 1003 duos
843 934 967 1029 reperi
990 958 1071 1011 non

70 1073 201 1146 parum
232 1047 451 1147 profundos.
477 1049 634 1119 Fornice
663 1063 807 1137 autem,
839 1050 905 1146 qui
931 1050 1071 1147 etipse

72 1164 188 1237 durus
201 1180 298 1256 erat,
307 1165 408 1237 haud
423 1164 611 1263 proculab
623 1166 722 1260 ejus,
735 1188 849 1262 quam
862 1164 1070 1263 appellant,

70 1280 145 1353 basi
164 1283 306 1371 inciso,
326 1296 363 1354 et
383 1306 469 1353 cum
487 1280 658 1379 plexibus
673 1281 917 1354 chornidibus
931 1297 1072 1352 retror-

71 1422 149 1469 sum
163 1399 338 1471 revoluto
348 1454 359 1486 ,
381 1399 622 1498 persingulas
633 1398 800 1493 ejusdem
810 1398 908 1470 basis
925 1397 1070 1470 radices

58 1516 237 1615 rsingulos
247 1542 379 1615 repere
395 1516 627 1615 pellucentes
638 1517 744 1612 quasi
759 1514 919 1613 lymphae
935 1515 1070 1587 ductus

71 1636 264 1734 conspexi,
278 1635 344 1730 qui
361 1635 539 1732 utrinque
556 1632 763 1732 pergebant
779 1657 848 1731 per
863 1647 1003 1704 tractus
1023 1633 1068 1703 it-

70 1750 121 1824 los
145 1749 393 1843 medullares,
428 1751 568 1849 quibus
598 1765 781 1822 ornantur
809 1775 960 1823 summae
994 1776 1068 1822 orae

70 1869 264 1940 ventriculi
280 1871 380 1963 tertii
397 1869 610 1968 (processus
625 1868 817 1940 Lancisius
835 1867 889 1965 (2)
904 1893 968 1939 seu
986 1893 1067 1939 ner-

71 1986 164 2057 vulos
183 2012 206 2056 a
221 1986 378 2084 pinealis
397 1987 579 2084 glandulae
597 1989 680 2059 basi
686 1985 919 2085 prodeuntes
942 1986 1066 2083 appel-

67 2101 215 2198 litabat)
233 2124 303 2200 per
319 2128 458 2202 eosque
477 2085 620 2177 tractus
645 2103 838 2203 rependo,
856 2103 968 2199 paulo
994 2127 1069 2176 ma·

69 2217 234 2292 nifestius
250 2235 288 2291 et
303 2220 496 2318 lympham
514 2223 731 2309 continere,
763 2235 800 2292 et
817 2219 969 2292 nodulis
992 2219 1068 2292 dis-

69 2338 181 2436 tingui
198 2336 440 2426 videbantur,
455 2354 493 2410 et
507 2339 672 2435 denique
690 2337 794 2408 illam
809 2361 940 2408 versus
961 2337 1067 2435 glan·

69 2451 186 2524 dulam
205 2452 461 2544 seinflectere3
477 2456 539 2545 cui
550 2454 597 2525 ab
606 2455 793 2525 anteriore
807 2467 912 2549 parte
922 2475 1067 2524 annexa

69 2585 140 2640 erat
164 2595 279 2669 parva
308 2573 502 2670 congeries
527 2571 689 2642 materiae
708 2568 827 2657 flavae,
854 2570 894 2638 in
923 2568 1067 2640 minuta

68 2711 175 2783 grana
194 2685 445 2760 conformatae.
466 2688 720 2760 Vehementer
737 2701 861 2759 autem
879 2683 972 2755 mihi
993 2685 1066 2757 dis·

68 2803 210 2899 plicuit,
231 2820 267 2876 et
282 2807 316 2876 ei
326 2806 393 2902 qui
408 2804 554 2892 aderat,
571 2804 672 2876 claro
686 2804 826 2901 Vulpio
841 2802 942 2873 illam
961 2827 1065 2898 quae,

68 2934 105 2989 ut
119 2920 187 2992 tibi
201 2920 399 3019 descripsi,
414 2923 466 2992 ita
482 2920 594 2993 nobis
608 2921 800 3020 apparuit,
815 2920 979 3016 speciem
990 2943 1067 2990 vas-

69 3037 235 3108 culorum
253 3038 545 3136 pellucentium,
568 3039 697 3127 variis,
714 3052 758 3109 ut
771 3036 825 3108 ibi
841 3034 888 3106 ab
905 3036 1064 3132 impara-

67 3154 260 3252 tispotuit,
281 3171 459 3227 tentatam
470 3156 713 3258 moglis,‘ante
724 3153 934 3240 evanuisse,
949 3177 1063 3249 quam

67 3293 132 3365 pro
149 3287 252 3344 certo
271 3272 363 3370 quid
378 3274 433 3343 rei
454 3258 568 3360 esset,
590 3273 817 3344 constituere
844 3282 1062 3367 possemus:

68 3410 279 3487 quanquam
297 3389 399 3461 illam
422 3388 632 3462 molestiam
649 3389 787 3459 minuit
810 3387 985 3458 inusitata
1005 3411 1065 3459 ce·

68 3503 165 3574 rebri
180 3503 393 3599 firmitudo,
419 3531 495 3603 qua
515 3506 692 3594 allectus,
718 3503 827 3602 plura
850 3505 948 3573 intra
963 3505 1061 3599 ejus,

69 3633 101 3689 et
118 3622 289 3694 medullae
306 3622 516 3720 oblongatae
536 3622 780 3711 substantiam
799 3618 943 3692 facilius
962 3645 1062 3717 quae·

104 3899 147 3978 (1)
167 3905 289 3962 Dissert.
306 3908 377 3961 Var.
392 3907 463 3977 VII,
481 3905 531 3984 fig.
550 3925 580 3978 1,
597 3905 655 3963 litt
672 3905 723 3962 dd.

105 3997 149 4078 (a)
168 4003 246 4061 Ibid.
263 4003 312 4082 fig.
329 4013 362 4077 4,
375 4004 431 4061 litt.
446 4024 493 4081 gg.
