2798 4668
226 393 295 440 mr.
323 393 348 438 1.
377 392 423 437 mr
450 374 999 454 uonutscur111S,rrrsr.x11.
1052 368 1118 439 621

111 522 242 578 motus
262 508 349 577 satis
373 501 610 602 probabilem
638 526 786 574 eausam
814 484 1000 594 ostendit,
1018 531 1124 604 mag-

112 623 404 707 namvidelicet,
423 623 453 692 si
470 645 557 693 eum
569 622 704 720 exiguo
714 642 842 691 earum
853 622 1009 695 cerebro
1025 649 1125 695 com·

111 722 286 839 paretur,
306 739 458 837 spinalis
473 739 645 810 medullae
661 738 959 810 erassitudinem.
980 744 1063 830 Qua
1078 768 1123 813 ex

112 857 280 930 medulla
291 858 443 954 spiritus
459 871 627 953 repetere
644 857 670 924 ii
687 880 841 953 quoque
856 857 978 929 solent
990 861 1123 956 quivi·

111 990 191 1047 tam
211 973 370 1046 foetuum
392 973 551 1071 cerebro
572 976 780 1045 carentium
800 977 840 1044 in
860 990 969 1047 utero
988 977 1122 1051 volunt
1177 1020 1178 1023 ¹

113 1093 325 1192 explicare,
346 1115 444 1190 quos
459 1091 641 1164 hacteuus
664 1094 771 1189 sequi
786 1095 950 1190 poteris,
967 1120 1015 1166 ne
1033 1120 1121 1166 cum

113 1210 344 1308 quibusdam
371 1225 496 1281 tamen
524 1234 663 1307 ponas,
687 1194 754 1280 'aut
784 1212 823 1281 in
851 1211 923 1282 illis
943 1212 1122 1286 omnibus

113 1328 321 1400 medullam
335 1351 415 1400 esse
425 1329 668 1416 crassiorem,
684 1343 748 1398 aut
760 1329 849 1425 quia
860 1329 980 1400 inulto
994 1330 1122 1428 plures

113 1471 229 1544 quam
247 1444 466 1545 cerebrum,
483 1446 619 1516 emittit
629 1448 923 1534 nervos,-mult0
934 1448 1019 1545 plus
1031 1473 1125 1545 quo·

113 1588 192 1661 que
208 1564 422 1661 spirituum,
435 1577 526 1635 tuuc
541 1564 652 1635 etiam
669 1562 835 1662 praebere
856 1565 1041 1662 quaudoa
1059 1591 1121 1637 ce-

113 1678 231 1752 rebro
248 1679 379 1753 unde
370 1704 450 1778 rpsa
460 1705 629 1778 accipere
640 1705 828 1779 megnaex
835 1698 941 1780 parte
954 1682 1122 1780 alioquin

115 1799 268 1886 solet,
256 1825 333 1895 jam
363 1800 489 1870 nullos
511 1815 612 1870 certe
624 1813 756 1904 potest
779 1801 969 1898 accipere,
995 1817 1059 1872 aut
1081 1826 1121 1872 m

117 1908 193 1989 illis
210 1913 354 1990 eunctis
370 1919 490 1989 inesse
508 1915 678 2006 foetibus,
693 1942 780 1989 cum
798 1908 925 2015 plures
941 1943 1053 2017 supra
1069 1921 1102 2016 l
1108 1919 1124 2018 )

116 2059 418 2122 memoraverim,
428 2060 495 2132 qur
485 2034 599 2106 nrhrl
609 2060 778 2123 omnim,
788 2060 860 2107 urst
850 2033 964 2108 forte
973 2061 1122 2134 aquam,

118 2156 216 2226 iutra
234 2155 405 2224 cranium
429 2168 466 2225 et
480 2150 672 2226 vertebras
687 2153 888 2226 habebant.

168 2270 240 2342 Sed
251 2270 461 2359 cerebrum,
474 2285 510 2342 et
524 2270 727 2342 medullam
739 2262 956 2344 habuerunt
957 2274 1124 2371 ,inquis,

117 2403 229 2463 antea
252 2387 428 2460 videlicet
446 2412 558 2485 quam
579 2402 784 2485 utrumque
800 2405 864 2460 aut
881 2413 977 2487 aqua
994 2391 1124 2464 dissol-

117 2504 241 2595 veret,
258 2521 324 2576 aut
345 2507 401 2577 vis
424 2505 495 2576 alia
522 2506 649 2602 aliqua
676 2506 751 2577 sive
769 2507 1024 2604 opprimeret,
1049 2512 1124 2582 sive

116 2623 347 2698 extruderet.
375 2623 527 2695 Rectius
542 2622 604 2693 hic
620 2622 775 2721 quidem
799 2626 913 2696 sentis
933 2651 1046 2722 quam
1067 2654 1126 2699 ex·

116 2743 321 2843 plicatores
349 2741 498 2839 plures,
527 2742 594 2837 qui
624 2740 663 2811 id
690 2741 845 2812 minime
870 2742 1123 2816 attenderunt.

116 2858 234 2951 Quod
253 2860 284 2931 si
302 2858 349 2930 ad
366 2858 574 2957 primordia
591 2882 712 2956 usque
727 2857 896 2948 rediens,
914 2860 1008 2931 nihil
1025 2877 1126 2933 utro·

117 2977 257 3075 bique,
273 2976 748 3074 nisihumorem‚uuquam
760 2974 1127 3071 fuisse‚corrtendas,

118 3096 274 3194 spiritus
292 3120 382 3166 vero
401 3094 449 3167 ab
467 3119 672 3167 nervorum
699 3094 856 3193 gangliis
873 3112 1043 3194 repetas,
1061 3099 1127 3170 ali·

120 3211 217 3311 quid
236 3209 363 3284 forsan
380 3212 554 3284 tribuens
576 3212 781 3311 suspicioni
800 3237 914 3310 quam
944 3214 1034 3284 olim
1054 3214 1127 3313 (α)

96 3345 98 3350 “
119 3331 186 3402 vix
203 3355 281 3403 uuo
304 3345 368 3402 aut
391 3329 510 3419 alteru
528 3329 647 3402 verbo
666 3330 789 3427 attigi,
810 3332 848 3400 iu
873 3332 1127 3431 gaugliisfor·

122 3463 223 3519 tasse
246 3445 415 3546 aliquam
436 3453 635 3542 spirituum
647 3448 1020 3544 fierisecretiouem5
1039 3476 1131 3549 ego,

121 3565 273 3639 tametsi
294 3589 419 3663 nuper
440 3564 645 3661 presertim
661 3565 702 3635 in
719 3565 876 3664 gangliis
899 3565 1017 3639 adulti
1031 3567 1129 3641 duo·

182 3850 269 3904 zu.
287 3847 316 3904 8.
411 3897 413 3901 .
553 3883 556 3893 ·
614 3870 617 3873 ·

165 3845 211 4026 l²i
231 3946 356 4003 Advers.
370 3948 460 4003 Anat.
474 3948 518 4015 11,
534 3946 672 4002 Animad.
688 3946 736 4012 34.
