2782 4668
162 451 230 497 mr.
261 449 283 494 1.
311 446 358 495 nn
384 445 519 496 nonnis
543 447 701 512 oir1r1s,
726 446 837 496 srisr.
856 448 945 495 ‘vnn
998 424 1068 497 383

72 561 448 664 genter‚peculiarem
462 561 675 635 describere
685 563 958 635 successionem
971 588 1069 634 mor·

71 674 220 769 borum,
247 700 413 777 quorum
438 694 649 778 postremus
669 680 793 753 monia
822 677 913 768 fuit,
948 704 1067 777 eaque

72 799 168 870 brevi
185 813 394 896 percurato.
410 801 505 868 Cum
516 818 715 894 ann01711
732 796 926 867 Ludovico
939 797 1068 870 Alber·

71 916 163 996 tino,
187 915 452 987 Foroliviensis
476 914 645 986 Ecclesiae
661 914 936 985 Arcbidiacono
955 918 1067 985 meri-

71 1034 223 1120 tissim0,
244 1033 284 1105 in
312 1029 533 1102 difficillimo
567 1054 675 1122 cusu,
698 1033 870 1130 propitiis
894 1032 1066 1130 SuperiS,

73 1147 272 1222 felicissime
287 1147 475 1236 mederer,
496 1160 576 1219 eret
599 1150 634 1220 ei
651 1150 749 1220 inter
767 1164 918 1222 coeteros
939 1172 1066 1221 servus

71 1290 90 1335 a
108 1262 264 1363 pedibus
278 1265 409 1361 viginti
425 1278 501 1336 tres
525 1282 645 1338 annos
662 1280 787 1354 natus,
804 1266 965 1364 gracilis,
986 1288 1065 1339 non

68 1381 165 1453 bono
185 1383 330 1467 colore,
345 1402 460 1479 quem
475 1381 669 1455 laboribus
681 1381 819 1456 fessum
835 1386 1067 1482 corripuerat

73 1496 190 1588 febris,
205 1500 362 1570 ineunte
379 1497 604 1596 septembri,
620 1500 787 1590 assidua,
805 1516 842 1572 et
859 1526 962 1598 quae,
980 1501 1067 1573 licet

72 1615 113 1685 sd
134 1615 323 1713 duplicem
342 1617 539 1691 tertianam
566 1617 744 1688 accedere
770 1618 982 1705 videretur3
1005 1617 1066 1688 ab·
1132 1606 1136 1613 ’

75 1735 204 1806 normis
222 1747 350 1805 tamen
363 1748 458 1820 erat,
478 1748 515 1803 et
526 1734 648 1822 varin,
667 1758 737 1805 nec
752 1737 876 1806 minus
890 1735 1067 1806 varianti·

74 1847 134 1922 bus
149 1851 280 1949 stipata
296 1849 559 1921 incommodis.
578 1854 672 1922 Nam
691 1849 807 1923 modo
826 1851 1066 1941 lumborum,

74 1965 322 2065 dorsi,eapitis
336 1965 464 2055 dolor,
475 1967 676 2064 calorque,
691 1969 807 2040 modo
817 1969 964 2067 vigiliae,
977 1969 1066 2042 ulies

75 2081 275 2174 hebetudo,
292 2086 353 2171 vix
363 2100 405 2156 ut
413 2086 662 2183 interroganti
674 2085 940 2184 responderet,
958 2089 1069 2158 inter·

73 2198 154 2271 dum
170 2203 306 2274 eoloris
333 2201 473 2272 interni
493 2224 641 2290 sensus,
664 2217 701 2275 et
726 2204 890 2275 anxietas
909 2205 1069 2302 inexpli-

76 2317 200 2408 nnn,
216 2338 496 2415 nonnunquam
511 2320 610 2407 ntis,
630 2302 911 2418 vaniloquium,
928 2321 1068 2418 pedum

75 2429 178 2532 frigus
186 2436 415 2536 ingruebant
426 2463 436 2526 3
447 2436 512 2508 sed
526 2437 615 2509 alins
631 2438 701 2509 elia
711 2439 911 2534 ,nulloque
922 2439 1066 2510 ordine.

77 2550 164 2622 Illud
180 2555 407 2652 plerumque
426 2553 634 2653 perstabat,
650 2555 812 2651 parvitas
835 2568 872 2625 et
898 2553 1068 2625 imbecil-

76 2663 147 2740 litas
166 2671 355 2767 pulsuum.
383 2671 560 2770 Sanguis,
583 2672 682 2741 intra
709 2685 796 2741 octo
822 2670 965 2768 primos
990 2670 1069 2742 dies

75 2779 186 2858 bisde
209 2786 368 2859 brechio
388 2788 564 2876 emissus,
588 2811 673 2881 sero
692 2785 762 2858 fnit
786 2808 943 2875 croceo,
960 2802 1066 2884 parte

75 2899 208 2999 reliqua
230 2904 328 2975 dura
352 2926 437 2977 eum
459 2906 645 3003 primum,
675 2920 756 2976 tum
777 2906 895 3003 magis
916 2914 1070 3003 postea,

76 3029 231 3117 tuncque
249 3023 407 3120 insuper
423 3008 545 3095 crusta
562 3022 749 3095 insidebat
760 3046 839 3093 non
859 3022 1001 3110 tenuis,
1014 3046 1068 3093 en·

76 3153 142 3229 que
173 3137 337 3210 lividula.
363 3141 488 3211 Urinae
513 3162 641 3213 crassae
672 3142 855 3237 primum,
894 3155 931 3210 et
958 3138 1067 3229 rulae,
1088 3170 1091 3189 r

76 3248 201 3326 deinde
219 3271 373 3345 tenues,
392 3272 429 3329 et
450 3259 622 3354 quamvis
637 3259 746 3356 eopia
771 3256 1068 3355 respondebant,

77 3372 193 3462 potui,
210 3396 255 3444 eo
272 3394 367 3472 saepe
387 3376 498 3445 etism
519 3375 761 3473 superabant,
781 3391 817 3447 et
834 3374 996 3475 denique
1012 3377 1069 3448 in-

77 3492 230 3560 natantia
248 3490 421 3587 quaednrn
435 3480 707 3580 ostendebant,
726 3472 922 3590 nunquam
942 3508 1069 3564 tamen

77 3595 146 3673 haee
161 3605 207 3675 ad
223 3608 342 3678 imum
361 3608 617 3682 demittebant.
629 3610 750 3687 Alvus
777 3611 892 3685 semel
906 3609 1070 3691 reddidit

77 3712 206 3815 liquida
223 3726 363 3810 multa,
384 3727 473 3798 alias
493 3725 570 3801 fere
593 3728 717 3825 qualia
736 3730 815 3799 sani
833 3727 980 3812 solent,
1004 3726 1067 3799 sed

77 3829 377 3932 flavainterdum,
394 3845 509 3917 semel
522 3843 672 3917 duobus
685 3869 770 3915 enm
784 3843 984 3915 vermibus.
1006 3846 1071 3912 Su-

79 3945 206 4027 dorbis
218 3971 300 4030 toto
313 3980 474 4059 corpore
492 3963 685 4062 prorupit,
702 3961 832 4057 saepius
845 3983 922 4029 non
939 3958 1071 4030 nisiex
