2798 4668
349 372 419 446 560
466 410 469 415 ·
509 396 556 444 or
581 392 727 444 sumnus
751 395 796 442 rr
820 393 945 443 crosis
969 395 1174 447 nonronuu

346 508 463 581 modo
481 523 584 580 tanta
602 534 706 607 aqum
723 510 831 605 copia
848 509 945 579 intra
964 513 1152 602 cranium,
1171 530 1205 585 et
1218 531 1308 587 verte·

345 625 501 697 brorum
523 625 656 697 tubum
683 640 859 723 congesta
884 626 952 712 sit,
980 642 1016 698 et
1037 631 1202 719 comsit,
1224 632 1309 729 apho-

347 744 447 814 uiam
461 742 634 840 quidem,
650 758 686 814 et
699 757 879 828 mortem,
892 742 958 814 sed
977 768 1055 815 non
1073 747 1182 818 simul
1199 748 1309 845 reliqua

346 861 549 961 apoplexiae
574 860 745 957 legitimae
765 875 1012 957 symptomata
1032 863 1219 935 invexerit.
1235 868 1308 935 Num

345 978 449 1078 quod
466 977 643 1075 paulatim
659 974 706 1047 ad
723 991 862 1047 tautam
879 977 980 1049 illam
1000 981 1148 1076 copiam
1165 1005 1308 1079 perreue-

345 1095 421 1168 rit?
443 1094 497 1193 (r)
517 1100 561 1166 Et
583 1093 737 1165 credere
757 1091 911 1191 quidem
930 1116 1150 1192 possumus,
1168 1098 1236 1193 jam
1252 1113 1309 1169 tun

344 1213 392 1286 ab
411 1211 642 1309 hemiplexiae
665 1210 774 1281 initio
798 1210 960 1282 multum
980 1237 1085 1310 aquae
1104 1215 1145 1285 in
1165 1239 1207 1286 eo
1226 1214 1309 1302 tubo,

345 1331 439 1418 sive,
458 1344 501 1402 ut
521 1328 673 1414 vocent,
696 1329 735 1397 in
756 1352 861 1400 sacra
881 1325 1006 1401 fistula
1024 1327 1147 1404 fuisse.
1168 1333 1221 1402 sic
1237 1335 1309 1402 enin

345 1472 439 1546 saepe
463 1448 502 1517 in
525 1446 738 1545 paralyticis
759 1447 971 1536 invenitur,
996 1462 1038 1520 ut
1060 1450 1228 1522 Coiterus
1243 1430 1310 1547 pre·

344 1564 580 1651 monstravit,
601 1563 708 1659 cujus
722 1562 839 1634 habes
850 1563 889 1633 in
907 1564 1155 1662 Sepulchreto
1173 1566 1310 1638 obsent-

343 1683 466 1755 tiones
482 1680 553 1777 (a),
565 1696 645 1750 tum
661 1678 798 1759 deinde
811 1678 1023 1777 Wepferus,
1043 1683 1111 1778 qui
1127 1682 1174 1753 ad
1187 1681 1221 1753 id
1233 1680 1310 1754 facile

342 1797 632 1898 inquirendum,
661 1794 838 1868 omnibus
859 1796 936 1892 jam
957 1822 978 1869 e
1002 1799 1133 1871 cranio
1153 1799 1309 1881 detractis,

343 1933 424 1989 tum
444 1931 605 1988 statuere
623 1913 697 1985 hoc
714 1912 895 1985 humilius
915 1911 1075 2003 solebat,
1092 1932 1135 1988 ut
1152 1942 1216 2016 per
1228 1940 1308 1989 sacre
1361 1948 1362 1989 ;

344 2034 476 2108 fistulae
497 2035 633 2105 ostium
654 2031 836 2104 declivem
854 2029 902 2102 ab
921 2056 964 2103 ea
980 2033 1309 2132 egressumffhaberet

342 2151 485 2223 humor
502 2178 509 2220 :
531 2149 636 2248 quod
652 2149 878 2248 aplerisque
889 2148 972 2220 aliis
991 2150 1030 2219 in
1044 2166 1228 2223 certorum
1244 2172 1308 2246 quo·

343 2268 516 2342 rumdam
532 2267 752 2341 cadaverum
773 2265 1003 2340 sectionibus
1023 2268 1247 2367 neglectum,
1262 2287 1308 2335 nos

345 2403 446 2460 certe
460 2402 523 2458 aut
542 2385 690 2473 eadem,
706 2400 770 2456 aut
786 2385 857 2456 alia
874 2366 1019 2457 ratione
1037 2409 1134 2484 saepe
1153 2385 1308 2483 inquirere

342 2531 421 2577 non
441 2505 652 2593 omisimus,
672 2517 712 2573 ut
730 2528 774 2575 ex
789 2504 981 2601 superiore
992 2503 1110 2601 etiam
1117 2506 1258 2601 epistota
1270 2496 1307 2596 (3)

343 2623 550 2721 intelligere
569 2621 734 2719 potuisti.
748 2618 912 2719 Wepferi
924 2635 1050 2721 autem
1065 2619 1308 2693 observationes

342 2764 422 2809 non
451 2739 489 2807 in
512 2737 582 2809 hac
609 2735 724 2808 modo
744 2738 908 2808 sectione
935 2738 1006 2833 (4),
1030 2734 1096 2807 sed
1126 2738 1164 2807 in
1188 2739 1220 2806 11
1244 2751 1308 2830 quo

346 2878 419 2954 que
436 2852 490 2951 (5)
506 2853 648 2941 videas,
662 2854 867 2950 praesertim
880 2853 919 2923 in
933 2851 1246 2951 quibusmultum,
1261 2854 1308 2916 art

340 2970 545 3071 plurimum
557 2970 629 3043 seri
641 2995 686 3041 ex
700 2970 797 3041 ostio
813 2970 879 3040 illo
889 2970 1009 3060 exire,
1025 2971 1224 3069 conspexit.
1240 2966 1307 3033 Nam

345 3092 385 3160 in
409 3114 484 3186 qua
501 3088 556 3158 ad
572 3094 720 3159 unctam
739 3088 833 3160 vidit
850 3085 1024 3176 effluere,
1049 3114 1093 3160 ea
1112 3084 1254 3158 minoris
1270 3075 1304 3148 ta·

344 3207 476 3279 cienda
495 3219 568 3294 est,
579 3206 609 3277 si
626 3202 729 3302 quod
742 3205 832 3303 ipsi,
850 3220 887 3278 et
902 3206 1052 3277 Coitero
1068 3203 1214 3277 videtur
1224 3196 1304 3313 inisse
1358 3272 1359 3275 ,
