2774 4670
303 406 374 480 526
469 431 515 476 nn
538 426 685 503 snnrrns
711 430 755 474 rr
780 420 1139 474 causts'uoriaorou

302 559 391 617 sunt
404 568 523 641 prope
543 543 639 613 latus
660 516 855 613 sinistrum
870 540 1154 638 longitudinalis
1175 541 1297 613 sinus:

301 686 387 734 vasa
406 674 529 733 autem
551 684 632 757 quae
651 684 721 757 per
742 657 914 731 camdem
941 656 1041 729 hanc
1069 659 1300 756 meningen,

219 816 223 829 ·
302 777 606 876 hemisphaerium
619 775 765 847 cerebri
781 775 977 846 dexterum
995 777 1300 861 convestientcm,

303 895 519 994 reptabant,
538 893 645 964 valde
661 908 770 964 erant
791 893 972 990 sanguine
991 891 1181 982 distenta,
1201 910 1239 966 ct
1254 895 1302 964 ni·
1375 956 1376 969 t

303 1014 494 1114 grisantia.
513 1016 557 1081 ln
575 1008 805 1083 anfractibus
825 1010 971 1082 cerebri
981 1012 1096 1082 totins
1117 1011 1304 1110 stagnabat
1375 1010 1376 1019 ’

304 1156 401 1228 aqua
415 1128 531 1201 ferme
551 1127 715 1227 limpida.
739 1132 783 1197 ln
798 1129 1018 1200 ventriculis
1034 1150 1143 1226 aquae
1163 1130 1229 1199 vix
1248 1130 1305 1199 ali·

306 1247 410 1346 quid.
430 1252 477 1319 At
493 1246 610 1316 multa
629 1244 676 1316 ad
691 1270 871 1343 magnum
888 1247 1060 1344 occipitis
1079 1244 1254 1319 foramen
1263 1248 1307 1318 sic

304 1382 347 1439 ut
364 1388 529 1465 pronum
548 1378 646 1436 essct
654 1363 886 1461 intelligere,
905 1364 1040 1435 illacin
1052 1364 1306 1463 spinaetubum

306 1507 386 1555 non
405 1480 570 1554 defluere
596 1505 675 1551 non
692 1482 875 1578 potuisse,
901 1506 946 1552 ex
972 1504 1050 1578 quo
1074 1502 1211 1581 reapse
1231 1507 1310 1553 mox

306 1599 471 1686 effluxit,
498 1623 585 1669 cum
613 1599 722 1696 spina
753 1598 800 1669 ad
833 1597 946 1669 imam
974 1598 1142 1671 thoracis
1168 1616 1308 1697 partem

307 1718 465 1790 dissecta
485 1731 550 1789 est.
577 1715 634 1788 lbi
653 1716 737 1787 alba
756 1717 926 1805 ct'sana,
944 1730 1134 1814 qnantum
1157 1718 1310 1814 judicari

307 1849 456 1935 poterat
471 1834 610 1923 oculis,
627 1834 793 1906 medulla
817 1848 905 1905 erat.
935 1833 1069 1905 Habita
1097 1834 1180 1906 haec
1204 1836 1311 1907 sectio
1377 1872 1378 1945 Ξ

309 1967 365 2025 est
383 1953 481 2022 circa
501 1950 668 2051 medium
688 1950 889 2049 quintilem
909 1952 1013 2025 anni·
1026 1950 1119 2048 1705
1137 1955 1178 2021 in
1195 1957 1311 2023 Bono·
1377 1952 1378 1995 l

310 2070 432 2140 nicusi
450 2062 724 2140 Incurabilium
740 2069 983 2155 nosocomio,
1000 2074 1256 2161 conseruate(
1275 2084 1313 2139 ut
1377 2090 1378 2155 j

311 2184 388 2257 fere
406 2187 446 2256 in
465 2187 656 2284 plerisque
671 2186 753 2257 aliis
767 2185 1314 2289 quasibidemanobisbabitas
1377 2180 1378 2199 ³

312 2303 636 2401 memorabimus)
657 2306 780 2374 amico
800 2319 947 2391 nostro,
969 2320 1006 2374 et
1025 2305 1065 2374 in
1083 2304 1316 2376 dissectioni-

314 2421 577 2527 busalumno,
592 2423 675 2493 viro
688 2422 790 2493 claro
800 2423 1002 2494 Laurentio
1010 2423 1240 2511 Bonazolio‚
1257 2424 1317 2520 qni

314 2553 408 2611 tune
437 2539 655 2611 adolescens
680 2562 839 2611 munere
868 2539 924 2611 ibi
950 2540 1157 2611 assistentis
1188 2539 1318 2611 medici
1378 2586 1379 2635 3

314 2653 561 2754 fungebatur,
580 2672 709 2754 postea
722 2672 867 2745 autem,
884 2657 1012 2754 quoad
1030 2659 1142 2744 vixit,
1159 2682 1209 2728 eo
1221 2656 1318 2730 func·

316 2790 378 2846 tus
397 2789 472 2861 est,
500 2790 537 2845 et
552 2800 554 2809 i
568 2776 705 2844 merito
723 2776 900 2870 quidem,
918 2777 958 2843 in
984 2773 1240 2849 celeberrimo
1261 2773 1318 2845 illo

318 2892 531 2991 gymnasio,
550 2890 655 2986 qnod
677 2890 847 2962 Valsalta
864 2888 1048 2976 secando,
1064 2905 1184 2988 atquc
1205 2908 1319 2965 osten·

318 3008 445 3078 dendo
463 3007 699 3079 sustinuerat.
1163 3082 1168 3087 ,

373 3131 425 3212 14.
453 3127 619 3196 Pertinet
643 3123 801 3194 liisto'ria
828 3122 910 3195 hoec
930 3122 983 3203 ad,
1003 3123 1163 3196 morbos
1187 3126 1314 3223 plures.

320 3245 485 3333 Primum
510 3242 558 3313 ad
574 3240 727 3340 gibber,
740 3266 822 3311 non
838 3242 891 3312 ita
910 3258 1004 3340 saep'e
1024 3266 1068 3314 ea
1087 3265 1132 3316 se
1144 3256 1255 3315 aetatc
1272 3264 1317 3317 ot·

319 3359 475 3433 tendere
492 3360 680 3457 incipiens
697 3384 705 3426 ε
727 3380 811 3455 quae
828 3381 959 3446 causa,
974 3359 1136 3455 opinor,
1155 3357 1247 3450 fuit«,
1260 3380 1317 3431 eiu

319 3476 384 3548 illa
415 3477 580 3574 pectoris
608 3476 897 3547 intumesoentia
927 3475 1055 3546 multis
1082 3476 1316 3575 imposuerit,

320 3594 423 3666 unde
442 3609 524 3665 orta
540 3609 635 3666 essct
650 3647 659 3682 ,
674 3618 753 3665 non
770 3593 1081 3692 agnoscentibus,
1101 3608 1218 3692 atque
1234 3595 1316 3668 adeo

322 3737 371 3803 ne
389 3711 664 3811 suspicantibus
689 3712 856 3810 quidem.
876 3713 1000 3811 spinae
1019 3727 1146 3785 autem
1167 3716 1207 3784 in
1234 3715 1318 3785 latos

323 3828 545 3920 flexionem,
583 3834 613 3903 si
638 3854 717 3902 non
739 3845 832 3903 tnnc
854 3845 998 3920 ortam,
1023 3846 1061 3902 at
1090 3847 1193 3905 certe
1217 3830 1317 3904 fnisse

324 3961 598 4039 mncauctam,
616 3970 658 4019 ea
686 3951 852 4047 pectoris
872 3964 1092 4040 curvatura,
1112 3974 1199 4048 qnae
1220 3964 1317 4021 antea
