2774 4670
190 443 259 495 tut.
287 442 311 493 t.
340 440 866 510 nruonerscar1r1s‚rr1sr.
895 445 942 491 tx.
1001 422 1069 517 477

114 585 150 657 9.
169 561 396 632 Adolescens
417 583 536 630 annos
560 572 668 629 natus
688 556 966 655 duodeviginti,
984 582 1070 627 cum

64 678 211 749 viveret
225 679 262 747 in
281 675 510 774 palustribus
527 674 639 762 locis,
655 674 757 745 unde
773 675 896 745 ulvam
909 673 1074 745 caedebat

65 818 144 890 qua
162 792 310 863 doliarii
323 802 482 863 utuntur
496 791 541 862 ad
557 794 670 862 rimas
684 790 906 888 explendas,
921 789 1027 861 facile
1035 793 1075 861 in

66 907 283 1007 hydropem
312 907 462 995 incidit,
488 907 668 1006 huncque
690 908 949 979 universalem.
981 912 1076 977 Cum

64 1028 261 1096 Patavium
278 1027 318 1095 in
335 1025 597 1097 nosocomium
614 1027 795 1113 venisset3
818 1026 976 1122 sumptis
992 1050 1075 1121 quae

67 1145 222 1213 urinam
242 1157 415 1229 movent,
435 1141 612 1212 nonnihil
626 1141 886 1222 detumuerat,
906 1165 992 1211 cum
1003 1143 1077 1238 epi·
1186 1230 1189 1241 Ι

68 1259 211 1357 lepsia,
227 1285 302 1358 qua
318 1283 516 1356 nunquam
533 1273 696 1331 tentatus
713 1257 834 1330 fuerat
844 1273 974 1346 antea,
994 1283 1076 1355 pre·

69 1357 200 1449 hendi
219 1378 350 1475 coepit,
376 1378 507 1474 saepius
530 1392 749 1448 recurrente
767 1378 976 1448 novissimis
995 1400 1076 1473 sep·

67 1508 150 1564 tem
182 1493 336 1581 diebus,
365 1495 425 1564 cui
459 1493 697 1591 desipientia,
725 1509 760 1565 et
786 1494 999 1592 proclivitas
1030 1494 1077 1564 ad

69 1635 269 1698 somnum,
289 1610 347 1682 his
364 1627 487 1682 autem
507 1624 614 1682 acuta
632 1607 745 1682 febris
762 1635 799 1682 se
812 1611 991 1706 adjunxit.
1007 1614 1077 1682 Tot

69 1727 220 1801 morbis
238 1727 348 1798 simul
367 1726 590 1825 urgentibus
606 1752 675 1825 par
695 1752 772 1799 esse
788 1753 867 1798 uon
883 1731 1015 1826 potuit.

68 1864 71 1869 ’
123 1850 246 1943 Caput
261 1843 458 1934 duntaxat,
472 1846 580 1939 cujus
596 1842 707 1917 facies
723 1844 770 1915 ab
784 1848 881 1942 aqua
895 1842 1077 1918 intercute
1145 1867 1150 1878 “

73 1977 157 2036 erat
168 1963 399 2061 praetumida,
411 1961 790 2057 sectioni‘subjectum
801 1978 855 2033 est
864 1962 1079 2037 ibidemXV

71 2080 156 2150 Kal.
174 2080 308 2177 apriles
335 2081 425 2148 anni
457 2085 558 2175 1741.
583 2080 749 2150 Calvaria
771 2080 916 2168 avulsa,
945 2095 981 2151 et
1005 2081 1078 2152 luci

70 2196 221 2292 objecta
248 2209 461 2266 suturarum
482 2197 651 2265 omnium
674 2195 925 2291 legitimarum
952 2196 1077 2269 sedem

72 2314 289 2384 universam
306 2308 470 2382 ostendit
485 2310 711 2407 pellucidam
727 2310 774 2380 ad
792 2312 990 2410 semidigiti
1000 2313 1078 2385 lati·

68 2427 256 2501 tudinem.
279 2430 534 2524 Quaecumque
556 2428 654 2496 intra
676 2430 847 2498 cranium
865 2444 972 2516 sunt,
994 2456 1078 2502 vasa

72 2571 211 2646 parum
240 2546 431 2641 sanguinis
455 2542 692 2626 habuerunt3
720 2543 749 2612 si
779 2544 948 2616 laterales
976 2548 1079 2620 sinus

73 2664 259 2760 excipias,
277 2676 399 2731 atrum
419 2662 638 2755 sanguinem
659 2660 905 2732 continentes.
931 2661 1008 2733 Sub
1025 2679 1079 2736 te-

72 2779 145 2850 nui
164 2778 338 2875 meninge
363 2773 507 2872 aliquid
521 2776 642 2846 instar
661 2775 838 2870 gelatinoe
856 2801 942 2848 curn
964 2781 1079 2852 aereis

72 2895 231 2967 bullulis
250 2918 327 2965 esse
344 2891 553 2963 videbatur.
573 2892 798 2979 Cerebrum,
811 2920 890 2965 non
910 2897 960 2966 ita
977 2922 1077 2968 cere·

74 3012 242 3098 bellurn,
256 3035 364 3108 aequo
382 3010 520 3081 durius‘
532 3010 728 3079 inventum
742 3026 806 3082 est.
818 3018 939 3085 Laxus
953 3029 1078 3086 tamen

75 3127 220 3216 fornix,
243 3143 279 3199 et
307 3128 438 3224 plexus
466 3126 684 3215 choroides,
704 3129 770 3224 qui
797 3131 926 3227 pallidi
953 3149 1079 3223 erant,

76 3246 202 3316 multo
221 3244 399 3331 laxiores3
426 3258 468 3314 ut
495 3242 732 3331 membrana,
759 3245 855 3316 inter
886 3247 1081 3322 dexterum

78 3364 349 3458 sinistrumque
369 3362 583 3455 interjecta,
596 3362 676 3431 solo
692 3376 830 3432 attactu
846 3364 1079 3439 laceraretur.
1114 3344 1118 3349 ¹

78 3480 260 3577 Corporis
280 3480 398 3550 striati
414 3479 551 3550 sinistri
566 3502 652 3576 pars
668 3482 834 3550 anterior
842 3507 917 3578 qua
931 3488 1082 3583 respicit

78 3597 299 3681 dexterum,
315 3619 401 3666 cum
417 3620 459 3666 ea
476 3596 610 3691 quaein
631 3592 704 3667 hoc
721 3598 790 3693 ipsi
809 3600 1080 3696 respondebat,

79 3726 318 3811 comparata,
333 3712 450 3809 magis
467 3711 718 3809 protuberans
734 3713 793 3784 vel
808 3717 932 3811 primo
951 3720 1082 3790 oculo-

78 3854 166 3901 rum
193 3829 330 3900 ohtutu
353 3818 728 3925 deprehendebatur3
752 3856 875 3928 neque
904 3832 1024 3904 ullum
1042 3839 1081 3906 in

78 3971 122 4018 re
132 3946 205 4017 hac
215 3947 352 4017 erroris
364 3947 574 4043 periculum
589 3948 759 4036 suberat,
776 3972 862 4020 cum
872 3950 1082 4042 cerebrum,
