2784 4668
192 430 263 482 nra.
289 431 315 479 n
343 430 391 477 oa
417 426 877 493 noaarscnrrrrs,ar1sr.
904 429 930 476 ι.
1018 399 1070 506 79x

70 546 182 620 ulcere
204 546 246 616 in
266 542 358 617 illud
387 541 487 615 idem
512 566 643 615 cavum
667 542 851 641 pertinet,
879 566 1000 641 eoque
1022 545 1064 616 in

67 665 225 750 virente,
245 677 309 733 aut
323 675 478 732 mortuo
492 659 718 731 animalcula
735 660 963 733 transmittit.
983 660 1064 734 alia

69 783 177 855 sciens
203 792 418 879 praetere03
447 802 570 875 neque
598 777 699 848 enim
723 776 830 874 plura
859 801 1065 876 congerere

68 918 206 972 necesse
231 894 373 970 esttibi
394 896 624 994 praesertim,
646 899 882 968 insectorum
898 894 1065 969 historiae

68 1040 194 1117 gnaro,
223 1041 271 1088 ex
300 1036 418 1111 eaque
443 1011 564 1110 probe
593 1011 747 1098 scienti,
772 1034 865 1113 nur
888 1013 1065 1106 cimices,

69 1134 216 1234 exempli
227 1155 361 1219 cansa,
376 1145 415 1203 et
426 1129 564 1228 scorpii
576 1130 714 1202 arctius
728 1130 916 1216 conclusi,
926 1145 967 1203 ut
979 1156 1065 1206 aere

70 1251 265 1337 orbentur,
286 1272 379 1320 num
400 1247 663 1331 curculiones,
684 1272 777 1318 num
799 1247 877 1318 alite
898 1248 1065 1322 bestiole

71 1370 137 1443 siae
149 1369 292 1441 idoneo
311 1369 403 1465 ipsis
422 1363 509 1437 cibo
525 1365 673 1454 ,virere
693 1380 730 1437 et
749 1370 917 1437 crescere
937 1381 1065 1441 tamen

70 1502 203 1585 queant
227 1490 341 1559 Certe
358 1509 403 1557 ex
421 1506 501 1581 quo
527 1482 590 1554 illa
612 1480 769 1669 pistoria
792 1480 991 1581 diligenter
1008 1508 1067 1559 ex·

72 1601 151 1692 coli,
161 1620 298 1702 resque
311 1601 466 1700 singulae
480 1620 622 1698 scrupu
639 1602 739 1671 osius
751 1601 955 1672 examinari
970 1624 1066 1702 coep

72 1728 109 1791 te
119 1735 200 1793 sunt
211 1766 222 1809 ,
235 1734 305 1791 aut
318 1719 430 1790 nullae
442 1716 606 1816 amplius
616 1771 626 1805 ,
636 1716 855 1816 aut'oppido
869 1742 1064 1818 perpaucae

73 1850 102 1908 et
126 1838 322 1937 perpaucis
353 1835 531 1924 credite,
563 1833 750 1931 ejusmodi
780 1835 1064 1911 observationes

73 1955 292 2051 prodierunt.
334 1956 466 2050 Neque
502 1976 671 2050 unquam
708 1954 845 2025 accidit
885 1956 1064 2028 Valsalvae

74 2071 128 2167 qai
149 2091 270 2171 prope
293 2066 514 2157 innumera,
533 2093 604 2141 nec
629 2069 725 2140 mihi
746 2072 813 2168 qui
837 2095 915 2142 non
942 2074 1064 2146 multo
1147 2060 1151 2068 ⁸

73 2183 208 2261 {ortam
234 2190 418 2287 pauciora
444 2188 565 2286 capita
586 2188 835 2285 perlustravi,
856 2203 897 2260 ut
921 2190 961 2259 in
977 2191 1066 2266 talia

73 2303 332 2394 incideremus,
360 2328 443 2403 quae
477 2320 533 2377 tot
559 2306 651 2377 olim
686 2330 725 2377 se
758 2302 895 2378 vidisse
927 2309 1066 2383 modici

73 2423 297 2522 scripserunt.
323 2428 376 2494 Ex
392 2423 533 2521 quibus
553 2438 754 2522 propterea
776 2425 806 2496 si
826 2423 923 2523 forte
944 2450 1066 2499 unum

73 2538 218 2637 iliquem
251 2543 334 2617 sine
365 2536 529 2630 fraude,
558 2557 624 2615 aut
652 2564 783 2615 errore
813 2542 893 2614 ullo
926 2545 1064 2617 vidisse

74 2650 170 2731 lauat
189 2687 198 2731 z
217 2661 259 2732 id
283 2660 495 2732 reverentia
526 2660 675 2757 potius,
700 2684 814 2757 quam
836 2662 983 2735 ratione
1004 2660 1065 2735 ad·

75 2770 232 2868 drotum,
264 2775 371 2851 fateri
403 2800 489 2867 me,
516 2777 670 2851 credito.
698 2780 776 2849 Nec
804 2794 840 2850 te
864 2779 958 2850 illud
988 2804 1065 2852 mo-

74 2908 142 2966 reu
155 2897 259 2995 quod
272 2911 359 2998 post
373 2896 637 2970 acerbissimos
654 2897 786 2994 capitis¹
800 2895 952 2971 dolores
966 2882 1063 2971 nihil

74 3007 156 3085 aliud
176 3016 396 3114 apparuisse
418 3010 585 3105 dicatur,
607 3038 720 3115 quam
740 3014 975 3107 lumbricus,
997 3032 1064 3090 aut

74 3132 277 3206 animalcula
293 3136 393 3206 intra
406 3108 577 3206 cranium
597 3148 770 3233 reperta,
788 3149 850 3206 aut
864 3134 952 3207 inde
972 3158 1063 3235 pro-

75 3241 140 3320 dire
155 3252 240 3325 risa.
254 3253 480 3354 Complures
494 3255 595 3326 enim
610 3253 761 3325 illorum
780 3253 960 3325 dolorum
974 3270 1065 3328 sunt

76 3380 175 3439 cause
194 3360 277 3470 quae
291 3386 357 3444 eut
382 3387 485 3445 extra
504 3373 676 3463 cranium
699 3388 811 3463 sunt,
831 3374 895 3446 aut
913 3375 944 3446 si
964 3376 1065 3446 intra

75 3486 252 3576 manium,
273 3516 354 3565 non
376 3488 506 3579 facile,
529 3506 593 3563 aut
616 3490 723 3562 nullo
746 3491 862 3563 modo
885 3491 954 3564 sub
978 3517 1065 3569 sen-

74 3615 143 3669 sum
163 3603 312 3676 cadunt.
327 3607 428 3697 Quid
447 3608 477 3679 si
497 3610 657 3707 quaesitae
681 3634 760 3680 non
779 3611 892 3683 sunt?
913 3627 954 3683 ut
975 3636 1062 3683 cum

73 3733 110 3784 ex
124 3721 354 3795 moribunda:
379 3743 472 3798 n'aso
493 3726 704 3802 lumbricus
726 3729 876 3820 exiens,
897 3729 1064 3828 creditus

74 3847 153 3907 este
175 3839 332 3913 cerebro
354 3845 599 3940 provenisse,
616 3848 725 3944 quasi
744 3828 834 3921 vero
854 3871 899 3919 ex
915 3847 1062 3939 intesti-

72 3947 210 4027 nisitluc
221 3972 428 4058 prorepere
442 3982 523 4046 non
532 3965 727 4063 potuisset.
741 3964 842 4056 Quid
851 3965 886 4039 si
899 3967 1059 4064 qimsite
