2774 4670
155 442 223 490 ms.
248 444 275 490 1.
303 438 511 517 nestorius
537 438 830 521 carir1S,m²1sr.
858 440 937 488 vui.
990 400 1062 516 449

47 559 256 656 scripserat
272 555 509 652 (1)famam,
531 553 704 625 aJacobo
717 555 763 627 de
776 555 952 659 Partibus
960 580 1062 628 com·

50 689 304 746 memoratam
314 727 324 761 ,
334 671 441 770 quasi
455 676 592 741 canina
602 673 724 743 rabies
737 698 763 742 a
777 679 949 744 vermem
963 680 1064 743 canes

48 794 207 864 cerebro
224 805 314 861 nato
324 788 516 888 prodiret,
536 812 612 858 esse
628 814 768 859 merum
772 790 1014 885 figmentum,
1036 815 1062 859 a

48 915 221 997 nemine,
238 906 343 1003 quod
359 911 490 990 sciret,
525 906 793 1001 confirmatum.
826 907 911 977 Noli
938 922 1063 977 tamen

51 1025 236 1112 credere,
256 1025 287 1096 si
302 1023 364 1094 illa
381 1022 511 1094 eadem
532 1020 743 1092 observatio
767 1024 976 1095 accuratius
1000 1023 1066 1095 ha·

51 1143 138 1215 bita
152 1140 298 1230 fuisset,
317 1165 378 1210 rue
392 1132 640 1211 nihilominus
656 1144 848 1211 ¹assensum
871 1137 982 1212 fuisse
1007 1166 1067 1212 eo·
1107 1170 1112 1175 ·

53 1260 288 1347 bibiturum,
299 1258 405 1356 quasi
421 1256 528 1328 nullo
539 1255 655 1327 modo
664 1253 744 1328 fieri
759 1281 926 1354 unquam
937 1283 1067 1355 posse,

52 1379 331 1464 existimarem,
347 1389 390 1446 ut
404 1374 599 1467 vermiculi
618 1373 760 1445 rabiem
786 1375 832 1445 de
850 1401 925 1472 qua
945 1376 1067 1474 loqui·
1169 1444 1173 1455 ,

53 1498 170 1581 mur,
189 1493 229 1563 in
249 1515 339 1562 cane
358 1493 516 1579 cierent3
536 1489 690 1586 quando
716 1486 931 1589 Zwingerns
946 1494 1000 1590 (2)
1020 1493 1066 1565 de

55 1627 156 1683 cane
169 1605 284 1681 refert
299 1608 394 1679 adeo
412 1606 561 1694 rabido,
581 1622 622 1678 ut
640 1633 735 1704 puer
754 1606 873 1706 'quem
899 1636 1065 1682 momor-

53 1729 192 1816 derat,
208 1714 293 1798 ante
315 1726 415 1796 diem
433 1723 781 1823 quadragesimum,
802 1726 1070 1830 hydrophobia

56 1844 293 1918 atrocissima
310 1856 524 1939 correptus,
543 1843 715 1938 perierit;
736 1845 801 1938 qui
818 1838 944 1916 tamen
966 1851 1068 1918 canis

57 1988 82 2033 a
99 1959 204 2033 rabie
214 1983 368 2057 prorsus
378 1973 530 2029 curatus
542 1973 596 2029 est
606 1973 806 2054 postquam
823 1960 938 2033 herus
947 1947 1067 2035 levem

59 2080 99 2152 ei
117 2079 158 2147 in
180 2075 277 2173 pede
294 2089 503 2162 tumorem,
530 2098 644 2169 quem
665 2075 806 2173 jugiter
824 2078 895 2148 sibi
919 2079 1069 2171 morde·

58 2194 149 2281 bat,
164 2192 272 2281 inde,
291 2192 398 2289 quasi
407 2192 447 2261 in
460 2192 554 2260 iram
565 2206 601 2261 et
618 2190 761 2264 rabiem
779 2209 902 2284 actus,
918 2198 1072 2267 circum.

60 2309 409 2406 currens,aperuit,
420 2310 795 2404 vermemquevivum
805 2312 969 2401 ,album,
982 2339 1074 2393 eras

62 2425 271 2499 siusculum
281 2423 416 2495 eduxit.
428 2428 567 2496 Canem
585 2408 739 2527 quidem
757 2427 931 2499 rabidum
947 2428 1071 2521 fnisse,

61 2544 284 2639 Zwingerus
312 2540 470 2628 sciebat,
502 2543 568 2637 qui
593 2565 713 2638 puero
733 2534 787 2613 illi
817 2528 1072 2643 hydrophobo

63 2658 240 2732 medicus
257 2655 385 2730 fuerat.
406 2656 544 2729 Canem
565 2682 719 2754 quoque
737 2683 779 2730 ea
798 2663 944 2733 ratione
963 2652 1072 2737 cura-

63 2794 151 2850 tum
168 2800 265 2862 esse,
285 2777 428 2872 quippe
449 2775 613 2861 vicinus,
643 2773 745 2845 haud
768 2777 973 2874 ignorabat.
994 2788 1073 2855 Ma-

64 2894 223 2965 luissem
238 2907 382 2978 tamen,
399 2891 504 2962 illum
525 2892 604 2988 ipse
618 2917 784 2965 vermem
806 2874 1069 2987 examinasset.

66 3027 113 3082 ut
127 3011 266 3081 certius
275 3009 473 3094 sciremus,
486 3032 615 3078 verum
624 3035 669 3080 ex
680 3034 726 3081 eo
739 3026 887 3085 tumore
896 3041 1075 3109 vermem,

67 3153 153 3199 non
169 3123 407 3199 vermiforme
427 3124 569 3222 aliquid
585 3128 723 3199 exiisse.

122 3244 182 3331 34.
211 3246 311 3341 Soepe
337 3245 438 3314 enim
469 3264 613 3314 vermes
639 3241 746 3314 facile
775 3247 983 3322 creduntur
1011 3258 1079 3357 qui

71 3386 155 3433 non
174 3375 270 3431 suut.
289 3364 348 3431 De
363 3383 456 3430 caue
471 3358 625 3445 rabide,
641 3361 755 3456 vulgo
769 3366 1005 3459 affirmatur,
1024 3373 1077 3442 in.

443 3480 451 3496 ,
469 3476 472 3482 .

71 3478 160 3576 quit
174 3477 500 3573 Ettmulierustd),
516 3478 584 3546 sub
609 3474 735 3574 lingua
751 3483 829 3578 ejus
858 3482 975 3565 lutere
994 3514 1078 3560 ver.

69 3657 1083 3689 mmm-q·-

116 3775 163 3854 (ι)
184 3778 263 3851 Elys.
276 3776 401 3849 jucund.
415 3781 525 3848 Quoest.
541 3780 643 3853 Camp.
661 3798 711 3853 qu.
725 3781 780 3854 61,
794 3803 823 3839 n.
842 3805 865 3843 1.

114 3875 162 3953 (a)
184 3871 259 3951 Eph.
277 3879 315 3932 tt.
328 3879 361 3931 C.
378 3878 445 3932 Dec.
465 3878 496 3947 3,
517 3881 553 3934 A.
569 3896 602 3947 a,
614 3880 685 3937 Oba.
703 3880 767 3938 105.

115 3975 161 4052 (3)
182 3979 248 4032 Art.
260 3987 290 4033 et
301 3996 341 4033 m.
354 3975 402 4033 cit.
416 3996 506 4052 supra
517 3980 554 4034 ad
569 3999 597 4033 n.
614 3999 659 4055 19·
716 4008 718 4012 v

156 4097 186 4146 Ι.
