2780 4666
230 479 298 524 um.
326 480 349 524 1.
378 480 424 524 nu
450 476 902 542 nonnlscnrrr1s,urrsr.
929 479 992 526 vn.
1046 457 1113 546 341

119 606 227 661 erant
239 591 703 688 concretionespolyposae.
718 589 832 661 Molle
842 586 911 661 fuit
923 591 1118 685 cerebrum

117 721 241 778 totum
261 736 268 777 :
292 709 331 777 in
358 709 508 778 sinistro
528 723 653 777 autem
667 707 747 801 ejus
764 708 975 777 ventriculo
988 708 1118 804 plexus

118 821 322 894 choroides
337 823 498 894 multum
513 878 523 911 ,
541 824 707 892 varicum
719 823 854 910 instar,
870 822 1054 918 turgebat.

168 937 201 1009 5.
221 943 277 1010 De
291 939 560 1039 polyposarum
579 939 864 1010 concretionum
883 941 1022 1028 causis,
1039 940 1119 1011 illa-

116 1080 285 1152 rumque
299 1054 580 1126 discriminibus
593 1078 672 1125 non
685 1069 738 1125 est
751 1053 813 1123 hic
828 1055 934 1126 loeus
948 1055 1062 1126 verba
1071 1055 1122 1127 fa·

117 1171 253 1242 ciendi.
279 1170 355 1242 ,Sed
381 1196 462 1268 quae
485 1195 594 1243 causa
618 1172 966 1269 peripneumoniam
994 1169 1115 1243 facere
1161 1188 1164 1191 ’

115 1287 332 1384 inceperat,
358 1313 401 1358 ea
424 1287 627 1362 videbatur
652 1288 692 1356 in
719 1285 793 1357 hoc
818 1288 899 1357 viro
932 1288 978 1357 ad
1004 1303 1117 1385 caput

114 1403 316 1494 translata,
347 1405 475 1502 ibique
506 1420 679 1505 perstans
701 1404 747 1474 ad-
774 1418 936 1474 mortem
973 1428 1116 1501 usque,

116 1523 358 1620 conspicuam
385 1522 605 1618 meningum
624 1519 954 1591 inflammationem
971 1517 1112 1592 fecisse.

114 1641 193 1709 Nec
213 1636 351 1710 fecerat
375 1652 527 1709 tamen:
550 1639 702 1735 istaeque
724 1639 762 1709 in
789 1637 905 1708 altero
937 1637 1116 1708 duntaxat

114 1754 231 1851 plexu
249 1754 430 1826 choroide
446 1756 551 1852 quasi
564 1755 705 1826 varices
721 1755 918 1850 antiquum
942 1751 1046 1825 facile
1063 1754 1114 1822 vi-

114 1871 209 1940 tium
227 1887 345 1943 erant.
847 1946 849 1952 ,
1028 1855 1031 1862 “

164 1988 199 2058 6.
219 1989 368 2083 Bajulus
389 1986 493 2060 febre
513 1991 660 2061 ardenti
677 1988 871 2075 laborans,
890 1986 1033 2083 ingenti
1054 2009 1115 2059 ca-

114 2105 203 2201 pitis
221 2104 375 2193 dolore,
401 2107 464 2176 cui
486 2105 658 2177 delirium
682 2102 1111 2193 successit,'vexabatur.

114 2224 306 2307 Mortuus,
321 2223 421 2291 inter
432 2220 632 2318 utramque
650 2223 863 2318 meningem
880 2244 1042 2316 paucum
1057 2243 1113 2290 se·

114 2363 201 2409 rum
222 2337 405 2425 ostendit,
423 2337 530 2430 cujus
544 2361 630 2434 pars
640 2338 738 2408 inter
753 2334 960 2434 sanguifera
977 2358 1062 2405 vasa
1072 2335 1111 2403 in

111 2454 291 2551 gelatinoe
318 2453 475 2524 modum
506 2468 747 2524 concreverat
775 2481 782 2521 :
809 2455 847 2522 in
869 2454 955 2522 sinu
984 2466 1111 2521 autem
1164 2537 1165 2540 Ἴ

113 2568 217 2642 falcis
236 2587 409 2657 tenuem,
435 2571 663 2668 longamque
685 2566 976 2640 concretionem.
999 2572 1111 2640 Caete-

112 2712 200 2757 rum
217 2703 337 2760 totum
357 2675 555 2765 cerebrum
574 2689 779 2762 secundum
795 2705 966 2760 naturam
984 2712 1023 2759 se
1044 2686 1109 2757 ha-

112 2802 238 2897 bebat.
413 2882 425 2895 Ἃ

163 2949 198 3018 7.
216 2923 284 2993 Vir
297 2941 422 2996 autem
441 2951 561 2999 annos
575 2942 685 2997 natus
695 2925 847 3022 triginta
865 2923 1054 3020 quinque,
1071 2924 1110 2991 in

110 3063 289 3136 magnam
314 3043 445 3115 incidit
470 3042 637 3117 febrem:
662 3042 817 3115 delirat:
837 3040 935 3113 oculi
960 3039 1109 3109 lucent:

110 3156 247 3253 pulsus
277 3175 332 3231 est
358 3159 571 3232 vehemens.
603 3161 775 3255 Denique
800 3157 970 3226 moritur.
1001 3159 1111 3225 Cere-

111 3269 228 3342 brum
246 3289 301 3345 est
318 3275 415 3347 bene
430 3277 673 3348 constitutum
688 3303 698 3358 3
716 3276 786 3345 nisi
804 3272 908 3370 quod
920 3271 1026 3341 valde
1035 3285 1113 3341 tur-

112 3402 206 3484 gent
227 3395 406 3489 sanguine
433 3394 514 3488 ejus
537 3418 641 3481 vasa,
666 3392 864 3462 ventriculi
890 3401 1014 3460 autem
1040 3388 1113 3458 seri

113 3503 259 3591 habent
274 3507 518 3603 aliquantum.

164 3625 301 3692 Praeter
317 3624 521 3695 nonnullas
536 3625 577 3694 in
599 3623 713 3695 corde
734 3623 934 3721 polyposas
959 3642 1116 3691 concre-

114 3732 258 3826 tiones,
277 3741 400 3812 omnis
419 3741 459 3810 in
469 3740 543 3812 hoc
554 3741 731 3812 cadavere
746 3742 893 3838 sanguis
902 3753 957 3810 est
966 3735 1116 3806 fluidus,

166 3855 199 3925 8.
221 3859 277 3928 Ne
293 3858 457 3947 mireris,
472 3858 635 3930 unohoo
646 3873 817 3956 excepte,
834 3859 873 3926 in
896 3853 1051 3949 reliquis
1068 3850 1120 3919 de»

117 3970 257 4067 quibus
274 3972 416 4044 dictum
438 3990 513 4066 est,
540 3974 787 4047 delirantibus
809 3972 1017 4047 Valsalvam
1039 3966 1116 4037 dis-
