2862 4668
429 460 770 527 ,ernnusto
1066 442 1109 528 m

99 570 200 649 mitto,
219 592 395 652 quanquam
411 592 474 632 non
486 576 690 633 emendatain
701 574 890 653 gravissimos
907 592 1023 634 errores
1039 597 1115 635 con-

95 676 185 749 jicere
202 679 336 753 legentes
345 686 471 750 possunt
476 717 485 746 ,
501 687 531 733 et
543 676 619 747 nisi,
636 677 845 746 emendentur,
861 678 959 751 operis
973 677 1114 734 minuunt

97 777 268 833 utilitatem.
284 779 383 847 Quam
400 789 429 833 et
440 777 498 833 alia
514 761 574 833 duo
586 778 777 834 vehementer
787 779 984 848 imminuunt,
999 778 1035 835 de
1046 778 1115 854 qui-
1213 796 1215 801 ·

97 876 151 935 bus
174 877 327 933 continuo
346 877 440 935 verba
463 877 583 948 faciam,
604 877 653 933 hic
676 878 796 933 interim
822 877 1000 935 confirmans
1012 920 1021 949 ,
1041 897 1114 953 quae

97 974 242 1034 hactenus
266 977 330 1034 dixi
351 978 467 1048 omnia,
488 997 551 1034 non
567 988 674 1034 temere
693 978 786 1035 dicta,
800 977 900 1049 fuisse,
928 981 1115 1056 quicumque

98 1071 150 1134 hos
160 1097 249 1135 meos
265 1078 449 1134 versaverint
464 1078 573 1148 libros,
591 1078 762 1153 planissime
778 1097 840 1135 esse
857 1078 1039 1154 cognituros.

28 1212 36 1217 ·
135 1195 164 1251 5.
178 1198 260 1254 Cum
274 1196 337 1250 rari
353 1194 412 1251 sint
422 1197 541 1267 morbi,
559 1199 708 1274 longiores
721 1199 899 1273 praesertim,
912 1199 950 1254 ad
964 1217 1039 1273 quos
1050 1217 1112 1255 non

100 1297 173 1352 alius
190 1296 304 1370 aliquis
320 1315 351 1352 se
363 1296 523 1372 adjungat,
538 1309 589 1353 aut
603 1301 707 1373 plura,
729 1300 874 1374 variaque
890 1317 951 1354 non
971 1299 1112 1355 accedant

100 1407 327 1472 symptomata3
348 1408 510 1471 propterea
526 1398 646 1454 illorum
664 1400 786 1476 singulae
803 1400 1040 1471 observationes,
1059 1398 1113 1455 uhi

99 1497 153 1552 sub
170 1515 208 1552 eo
221 1496 321 1570 capite
338 1497 377 1553 ad
395 1497 478 1571 quod
494 1499 683 1572 potissimum
706 1500 846 1554 videntur
863 1509 1009 1573 spectare,
1025 1499 1115 1572 plene
1141 1554 1143 1559 ,

98 1608 187 1671 atque
203 1614 242 1651 ex
260 1605 325 1651 toto
340 1597 502 1670 propositae
518 1597 645 1667 firerint,
666 1598 721 1653 suh
738 1598 803 1653 aliis
825 1616 944 1672 quoque
964 1597 1111 1673 capitibus

98 1696 137 1752 ad
156 1715 226 1770 quar
256 1706 402 1770 praterea
419 1696 601 1770 pertinent,
613 1718 616 1727 ⁴
627 1708 695 1752 sunt
720 1710 799 1753 certe
827 1700 1111 1770 commemorandae,

96 1797 201 1871 paucis
220 1795 345 1871 quidem
354 1796 471 1866 verbis,
490 1797 543 1853 sed
559 1816 625 1872 quae
636 1798 736 1853 locum
746 1799 830 1854 illum
846 1798 945 1873 ipsum
959 1799 1110 1869 indicent,
1150 1799 1152 1805 ’

96 1895 128 1951 in
143 1897 327 1972 quo'statim
340 1897 436 1971 possit
451 1899 562 1968 lector,
582 1896 630 1953 cui
645 1908 715 1953 totae
732 1899 960 1973 legendarium,
978 1910 1112 1955 totasre-

96 1998 207 2071 perire.
228 2000 335 2072 Neque
352 1977 449 2068 enim,
466 2009 501 2053 ut
517 1996 608 2053 fitsin
620 1994 830 2073 Sepulchr'eto',
853 1999 923 2055 satis
943 2010 987 2055 est
1002 1999 1111 2056 sectio-

97 2117 168 2154 nem
179 2118 250 2173 quae
263 2099 408 2173 plurimas
427 2092 534 2174 saepius
546 2100 695 2170 continet,
714 2101 886 2176 designare,
902 2101 984 2156 velut
1001 2100 1040 2157 ad
1054 2100 1112 2156 ob-

98 2201 303 2256 servationem
324 2201 422 2274 illsm3
442 2213 477 2257 ut
500 2220 536 2258 ex
557 2201 720 2259 innumeris
737 2220 830 2258 unam
847 2204 964 2271 saltem,
986 2202 1113 2275 exempli

96 2317 208 2367 causa,
226 2299 454 2374 proferam310.
472 2303 552 2358 Petri
567 2302 713 2373 Lotichii,
734 2321 802 2376 quae
816 2311 1016 2376 praeterquam
1029 2300 1113 2375 quod

98 2417 161 2454 non
179 2401 237 2455 snb
256 2401 397 2458 omnibus
414 2403 470 2457 sub
485 2403 594 2477 quibus
609 2402 736 2459 debebat
745 2444 754 2473 ,
770 2401 916 2477 capitibus
932 2419 1112 2457 commemo-

98 2510 161 2554 rata
179 2510 242 2570 est,
263 2501 296 2554 iu
309 2512 454 2574 quatuor,
475 2503 530 2558 sub
546 2502 656 2577 quibus
672 2513 938 2573 commemoretur,
951 2503 989 2557 de
1001 2503 1112 2557 Dolore

101 2600 211 2673 Capitis
227 2600 301 2656 Obs.
314 2602 359 2670 X3
374 2604 412 2657 de
424 2603 575 2656 insomniis
587 2615 618 2656 et
635 2602 747 2657 Incubo
761 2603 834 2658 Ob's.
852 2603 897 2671 113
912 2603 950 2656 de
969 2602 1112 2674 voragine

98 2698 167 2755 Obs.
190 2700 266 2769 VII3
286 2701 370 2755 etde
389 2699 581 2755 Convalet'one
597 2699 668 2755 Oba
689 2701 782 2769 XIII,
801 2717 916 2773 semper
930 2699 962 2753 in
981 2699 1111 2757 sectione

98 2798 250 2854 indicatur
271 2800 310 2854 de
332 2797 681 2857 Melanchotta.«verset
701 2797 793 2872 igitur
814 2800 909 2853 lector
928 2815 1045 2854 necesse
1066 2807 1111 2853 est

99 2897 260 2955 sectionem
281 2900 359 2954 hanc
381 2898 574 2967 universam,
593 2897 684 2953 idest
703 2896 933 2971 quinquaginta,
949 2914 985 2951 ex
1002 2896 1110 2970 quibus

99 3009 229 3069 constat,
245 2998 470 3055 observationes
478 3039 487 3069 ,
504 3008 539 3052 ut
548 2996 632 3053 illam
646 2996 765 3052 taudem
773 3036 782 3065 ,
794 3014 891 3070 neque
905 2995 946 3051 ita
958 2995 1053 3066 facile,
1065 2997 1111 3052 in-

98 3099 197 3154 veniat
209 3140 219 3169 ,
238 3118 304 3174 quae
316 3099 360 3154 ibi
376 3111 420 3155 est
437 3100 554 3155 XXXI.
566 3098 637 3154 Dixi
648 3107 749 3153 autem
760 3115 857 3171 neque
868 3097 910 3152 ita
921 3096 1006 3155 facile
1013 3139 1022 3168 ,
1038 3116 1117 3173 quc-¹

98 3198 178 3254 niam
190 3199 226 3253 in
240 3181 381 3255 omuibus
397 3199 432 3255 iis
445 3209 576 3273 quatuor
586 3199 659 3254 locis
676 3197 718 3254 sic
734 3197 843 3272 incipit
848 3198 981 3268 juvenis,
998 3198 1109 3255 hicau-

100 3310 155 3355 tem
177 3300 222 3355 sic
237 3297 375 3370 famulus
391 3301 568 3355 mercatoris.
588 3302 701 3356 Verum
718 3299 772 3355 ubi
787 3299 964 3375 perlegerit,
982 3311 1011 3356 et
1028 3299 1109 3356 illam

99 3419 156 3457 csse
173 3401 215 3456 ad
237 3418 328 3474 quam
344 3399 550 3472 rejiciebatur,
576 3399 767 3475 cognoverit,
787 3410 933 3473 putasne,
956 3398 1000 3454 ihi
1016 3410 1110 3456 totam

98 3496 230 3560 hahere?
245 3502 317 3556 Non
331 3502 424 3556 habet
438 3511 526 3558 certe.
541 3502 632 3556 Deest
649 3501 729 3555 enim
745 3510 866 3556 externe
884 3500 984 3558 morbi
1002 3518 1110 3571 causa,

98 3582 291 3676 propinatum
309 3597 445 3669 filtrum,
464 3601 629 3675 desuntque
646 3601 717 3670 alia,
736 3618 802 3674 quae
822 3600 939 3669 deesse,
956 3619 994 3656 ne
1011 3600 1110 3675 suspi-

99 3712 179 3758 cetur
195 3702 337 3777 quidem,
353 3701 412 3758 nisi
431 3702 509 3757 sorte
525 3711 577 3757 aut
594 3700 707 3756 incidat
721 3700 753 3755 in
767 3700 852 3761 illum
872 3701 910 3754 de
925 3701 1035 3755 Dolore
1054 3700 1111 3756 Ca-

93 3803 162 3873 pitis
183 3805 286 3864 locum
292 3842 302 3872 ,
325 3811 377 3856 aut
401 3802 484 3874 quod
499 3800 715 3870 meliusesset,
734 3811 885 3856 auctorem
908 3800 1007 3874 ipsum
1024 3779 1111 3856 Lotiss

100 3901 209 3971 chium,
226 3904 318 3977 legat
340 3901 402 3957 Sed
419 3912 453 3955 ut
472 3901 548 3962 illud
559 3911 681 3961 ‚tantum
698 3901 734 3957 de
751 3920 812 3976 quo
833 3900 931 3956 dicere
947 3900 1111 3973 coepimus,

101 4001 285 4071 atteudamus
295 4039 305 4072 ,
323 4009 469 4073 quantum
487 4000 790 4075 videlicettemporis
808 3999 956 4062 insumere
973 4007 1112 4072 oporteat
1134 4049 1139 4057 ,
1199 4053 1204 4059 ,
