2784 4668
190 457 260 508 tra.
286 458 312 505 1.
339 458 386 505 nr
412 454 549 507 nouus
573 450 732 519 carrus,
757 455 869 504 rrrsr.
897 455 954 504 111.
1010 431 1078 507 153

86 571 119 645 iu
141 568 350 643 istiusmodi
380 566 694 668 explicationibus
730 568 905 641 standum
938 569 1012 657 sit,
1042 582 1079 643 te

85 688 199 763 malim
219 689 314 762 tanti
345 687 417 761 viri
445 688 552 786 sequi
571 686 780 784 judicium,
804 711 919 787 quam
938 712 1076 761 meum.

86 803 148 878 Sed
164 802 211 876 ad
224 804 316 877 alias
327 789 502 883 historias
518 826 728 903 pergamus.

130 945 180 997 11.
197 924 386 995 Antonius
407 922 506 1011 Tita,
526 923 655 1019 isqui,
671 946 774 994 anno
793 921 901 1020 1713,
925 923 1077 995 Cocalo-

86 1062 164 1133 gam
172 1036 235 1115 hic
254 1038 470 1137 vulgaverat
480 1038 706 1138 plantarum
719 1039 821 1112 horti
837 1045 1075 1128 Mourocem',

86 1155 172 1227 inter
193 1157 340 1263 primos
367 1155 462 1231 obiit
491 1181 536 1229 ex
566 1157 610 1230 iis
639 1157 706 1257 qui
732 1157 868 1228 Patavii
893 1156 964 1229 sub
991 1159 1078 1231 maii

85 1271 242 1362 initium,
255 1295 360 1344 anno
379 1297 490 1369 1729,
510 1279 608 1372 'pene
627 1272 816 1372 quotidie,
840 1298 978 1371 magno
1002 1298 1078 1347 om*

85 1389 179 1461 nium
197 1404 366 1480 terrore,
382 1415 428 1463 ex
446 1390 651 1491 improviso
666 1406 731 1464 aut
741 1393 882 1478 statim,
897 1406 963 1463 aut
975 1405 1076 1465 certe

84 1505 169 1579 intra
190 1505 307 1581 horas
328 1532 407 1580 non
432 1509 569 1581 multas
594 1510 960 1600 commoriebantur,
988 1535 1076 1583 curn

84 1637 158 1719 post
174 1622 374 1698 diuturnas
388 1623 612 1725 subfrigidas
620 1679 633 1715 ‚
649 1626 899 1726 humidasque
918 1642 1076 1726 tempes-

84 1753 182 1831 tates3
196 1741 393 1841 pluviosus
401 1745 502 1819 enim
516 1752 740 1834 autumnus,
754 1745 924 1845 pluviosa
932 1745 1075 1845 hyems,

83 1859 287 1955 pluviosam
319 1861 502 1935 hactenus
530 1887 597 1934 ver
614 1859 754 1953 fuerat3
772 1878 864 1936 tunc
884 1865 1075 1962 primum,

85 1974 185 2075 idque
199 1992 377 2079 repente,
392 1980 488 2051 aeris
502 1963 605 2050 calor
619 1979 798 2052 rediisset.
814 1985 901 2050 Erat
914 1981 992 2051 Tita
1001 1995 1075 2053 nes

86 2108 115 2165 et
143 2096 378 2195 septuaginta
414 2117 535 2166 annos
570 2109 701 2185 natus,
737 2094 917 2169 robustus
950 2112 1075 2170 tamen

85 2213 302 2302 etiamtum,
320 2227 357 2287 et
372 2212 594 2301 lacertosus,
613 2213 875 2310 quadratoque
894 2236 1075 2313 corpore,

86 2344 116 2401 et
132 2323 357 2431 subpingui,
379 2328 451 2403 sub
471 2330 549 2407 sule
572 2330 729 2430 degere,
751 2346 788 2421 et
808 2331 1076 2404 meracioribus

84 2448 129 2519 uti
142 2450 253 2539 vinis,
273 2451 366 2522 eitra
380 2448 617 2537 ebrietatem,
636 2449 786 2538 solitus,
805 2450 1005 2525 oculorum
1017 2449 1075 2521 in·

84 2559 389 2663 domistationibus
402 2566 450 2639 ab
465 2566 574 2641 annis
586 2567 731 2666 aliquot
743 2567 930 2639 obnoxius
943 2565 1074 2654 factus,

84 2682 167 2755 etde
181 2686 314 2784 capitis
328 2678 563 2782 plenitudine
576 2708 701 2782 nuper
715 2700 870 2782 questus
884 2683 983 2783 apud
1004 2684 1071 2755 cel.

84 2797 249 2899 collegam
266 2825 394 2874 meum
406 2801 611 2874 Antonium
623 2802 898 2878 Vallisnerium.
913 2807 1008 2874 Cum
1022 2805 1074 2875 IV

84 2936 188 2990 nonas
210 2918 300 2989 maii
326 2930 449 2989 totum
475 2914 576 2988 diem
603 2917 783 3016 exegisset
808 2915 878 2990 sub
909 2916 1007 3004 sole,
1026 2941 1072 2989 eo

84 3030 133 3105 die
151 3050 286 3133 praeter
302 3033 455 3106 solitum
472 3031 661 3122 fervente,
679 3056 834 3133 vespere
858 3049 982 3107 autem
1003 3059 1072 3108 suo

83 3171 174 3225 more
186 3165 494 3239 coenasset„ecce
508 3149 562 3221 ibi
581 3149 706 3223 subito
721 3175 759 3224 se
778 3175 917 3250 magno
935 3152 1071 3225 morbo

83 3270 226 3369 corripi,
246 3268 448 3355 exclamat,
468 3280 606 3339 etcum
625 3267 727 3339 dicto
741 3283 891 3340 artuum
907 3272 1074 3343 sinistro·

83 3407 157 3457 rum
174 3402 320 3461 motum
339 3384 498 3469 amittit,
516 3383 653 3482 lingum
674 3406 831 3482 quoque
849 3409 962 3458 usum
989 3386 1074 3459 hac·

83 3512 198 3594 tenus,
225 3519 269 3577 ut
293 3502 409 3576 verba
429 3500 610 3599 pleraque
636 3500 794 3599 intelligi
819 3502 880 3573 vix
906 3520 1070 3603 possent.

83 3619 199 3692 Statim
217 3636 391 3720 rogatur,
414 3619 538 3691 statim
553 3616 601 3689 ad
619 3640 726 3706 eum,
744 3619 887 3718 quippe
901 3621 1072 3710 vicinus,

83 3754 243 3823 accurro,
262 3736 395 3813 ethaeo
413 3760 497 3835 quae
516 3735 616 3807 dicta
634 3748 743 3824 sunt,
757 3736 934 3827 invenio,
959 3752 1072 3835 atque

82 3843 263 3929 hominem
289 3857 444 3955 quidem
468 3869 595 3928 mente
621 3869 857 3931 constantem
886 3870 923 3928 et
944 3855 1072 3928 colore

83 3963 193 4065 faciei,
210 3976 481 4076 respiratione,
509 3973 634 4049 calore
664 3975 835 4074 corporis
863 3972 1073 4047 secundum
