2862 4668
238 436 966 606 DE'SEDIBUS

576 791 641 860 ET

113 996 449 1192 crusis
523 1064 1107 1197 MORBORUM.
1240 1180 1242 1187 ,

425 1603 501 1673 ΑΙ)
540 1604 810 1714 AMICUM

25 1860 26 1865 ¹
141 1825 412 1910 EPISTOLA
441 1824 1021 1913 ANATOMIGoMEch
1045 1832 1077 1913 Ι.

255 2158 261 2169 Ι
290 2026 292 2035 ¹
321 2061 475 2158 Spectat
491 2056 547 2128 ad
561 2054 731 2129 dolorem
750 2066 894 2157 capitis.

114 2261 334 2418 Quootibi
342 2313 536 2414 pollicitus
549 2317 1114 2420 sum,presto,inoipionsacopi·

113 2434 155 2505 tis
166 2435 312 2506 dolore.
332 2430 419 2502 Noli
429 2447 555 2502 autern
575 2444 789 2529 expectare,
806 2446 848 2504 ut
864 2458 1112 2536 quoecumque

113 2549 216 2647 hujus
227 2573 350 2623 causae
363 2551 603 2635 vinnm,
620 2562 684 2618 aut
701 2547 795 2619 mihi
811 2550 1054 2645 cadaveribus
1072 2579 1111 2627 se
1164 2588 1167 2591 ·

114 2667 295 2756 obtulere,
314 2690 377 2738 eas
406 2688 537 2737 omnes
571 2662 643 2736 hae
669 2665 835 2763 Epistola
859 2669 1111 2766 comprehen-

115 2782 201 2857 dam.
225 2787 422 2881 Pleraeque
446 2805 576 2854 earum
596 2779 775 2879 posthac,
799 2782 878 2852 aliae
902 2784 976 2854 alio
996 2784 1108 2878 loco,

114 2904 377 3000 producentur.
398 2900 572 2972 Plurimis
591 2900 792 2970 enimcum
809 2898 947 2996 reliqui
970 2925 1108 3001 corpo-

113 3021 178 3111 ris,
196 3037 279 3094 tum
288 3018 423 3117 capitis
439 3018 555 3116 ipsius
565 3014 708 3087 morbis
719 3031 775 3111 ¹est
785 3015 986 3110 adjunctus
995 3019 1026 3090 is
1038 3019 1110 3093 do·

112 3137 173 3209 lor.
189 3140 291 3228 Quin
317 3136 419 3208 solus
446 3131 494 3206 a'd
518 3135 715 3205 interitum
736 3131 919 3230 'perducit
950 3131 1107 3212 fortasse

114 3257 309 3326 nemiuem.
350 3254 434 3341 Quo
460 3248 523 3338 fit,
548 3265 590 3321 ut
612 3248 658 3320 de
683 3273 728 3320 eo
762 3249 902 3338 nullas,
923 3276 1016 3348 quas
1040 3251 1106 3326 hio

114 3373 344 3469 potissimum
371 3366 591 3469 proferam,
615 3365 776 3447 habeam
805 3366 1010 3457 historias,
1036 3372 1109 3443 nisi
1135 3367 1138 3372 ’

115 3511 334 3588 perpaucas,
349 3488 390 3557 in
409 3484 548 3584 quibus
567 3498 630 3554 aut
650 3500 780 3556 coetera
793 3486 1109 3566 incommodoau-
1139 3479 1144 3486 ⁴

114 3609 271 3695 teoessit,
282 3618 347 3677 aut
355 3606 455 3677 inter
461 3604 543 3703 ipsa
556 3600 715 3673 maxime
726 3603 850 3673 saeviit.
865 3603 1107 3701 Singulorum

116 3742 290 3819 generum
310 3721 475 3821 singulas
498 3721 663 3821 prunum
693 3744 739 3790 ex
759 3723 955 3792 Vusuivi
975 3734 1107 3798 nostro
1138 3718 1142 3723 ’

116 3838 162 3909 sio
176 3840 326 3912 habeto.

158 3983 190 4030 α.
200 3960 298 4032 Puer
308 3980 430 4031 annos
442 3954 623 4032 tredecim
635 3954 1041 4054 natus‚perspicaciori
1051 3955 1105 4025 in-

181 4097 212 4147 ι.
592 4109 597 4130 =
682 4088 686 4093 ⁴
912 4067 934 4141 5
