2862 4668
117 460 121 471 ·
213 440 285 488 rm.
312 430 413 489 ιιι
438 434 756 504 nonsummum,
781 437 891 489 urrsrw
919 438 945 487 1.
1038 441 1082 515 77

87 550 303 627 inhumano
320 551 478 626 cerebro
496 576 575 626 esse
594 550 851 652 deprehensos
867 551 882 622 Ρ
899 552 987 625 Νοιι
1001 566 1045 624 ut
1062 577 1085 625 a

88 668 229 742 naribus
255 670 297 738 in
321 666 501 742 frontales
521 668 646 757 sinus,
666 671 718 744 ita
743 670 856 743 estin
876 669 1084 743 viventium

90 784 277 858 cerebrum
291 799 447 882 .,aperta
464 787 558 882 quin
572 787 723 884 penitus
736 801 773 859 et
789 787 935 861 nerveis
953 785 1082 877 fibris,

90 917 120 973 et
134 903 250 991 vasis,
273 915 312 973 et
325 899 554 973 membranis
574 900 765 975 obstructa
785 905 865 991 via,
878 918 920 975 ut
936 928 984 977 ne
1002 905 1084 1003 ipse
1128 907 1139 917 ’

91 1017 230 1115 quidem
247 1018 448 1091 nicotianae
471 1016 597 1090 herbar
618 1018 810 1117 proiectus
828 1015 974 1109 fumus,
984 1044 1084 1093 .·nec

91 1132 215 1206 dum
183 1160 265 1231 ejus
278 1135 402 1234 pulvis
416 1135 658 1234 quantumvis
671 1136 818 1224 tenuis,
832 1135 1019 1208 nedum
988 1159 1083 1231 ejus·

93 1251 227 1325 cemodi
238 1252 409 1326 hestiolae
420 1252 481 1324 vel
491 1252 613 1325 statim
632 1277 677 1324 ac
691 1268 779 1325 sun-t
797 1267 909 1341 ortae,
924 1252 1085 1325 transire

93 1385 227 1467 queant.
255 1375 306 1442 Et
326 1367 395 1443 fuit
422 1369 575 1469 quidem
599 1369 690 1441 olim
717 1395 804 1443 cum
830 1369 931 1441 illius
958 1367 1085 1440 herbae

93 1488 220 1587 pulvis,
240 1504 280 1560 et
298 1488 420 1561 multo
441 1490 559 1588 magis
576 1485 701 1559 fumus
717 1488 886 1559 cranium
905 1484 1085 1577 subiisse,

94 1593 131 1676 er
154 1604 441 1679 dissertioribus
462 1604 756 1705 perhiberetur:
779 1628 871 1702 quas
893 1606 934 1674 in
953 1604 1086 1703 Sepul-

94 1718 293 1821 chret01(1)
318 1724 459 1822 pariter
484 1722 689 1821 descriptas
713 1721 823 1820 leges.
849 1720 921 1795 Sed
943 1720 1085 1797 ibidem

95 1851 205 1912 tamen
222 1842 411 1939 aliquam,
428 1856 471 1915 ut
488 1840 617 1915 falsam
636 1840 765 1955 rejici,
782 1839 872 1911 alias
894 1839 1002 1913 aliter
1022 1842 1087 1911 ex'-

96 1954 237 2051 plicari,
257 1983 392 2032 omnes
415 1958 589 2057 pluribus
616 1983 699 2057 quae
730 1958 961 2030 contrarium
989 1955 1089 2028 indi-

97 2088 189 2164 cunt,
211 2078 397 2151 continuo
426 2074 602 2172 subjectis
626 2073 830 2164 infirmari,
854 2072 1009 2145 videbis
1029 2072 1089 2145 Ad

97 2214 177 2306 quas
193 2192 347 2297 ultimas
361 2188 522 2283 addere,
540 2195 572 2266 si
587 2217 709 2301 opus
700 2206 821 2279 esset,
839 2190 928 2262 alias
945 2214 1088 2289 posses,

97 2321 128 2378 et
147 2310 184 2380 in
205 2310 267 2383 his
294 2336 377 2410 quae
396 2313 437 2381 in
462 2311 629 2384 centuria
655 2323 754 2380 extat
780 2310 815 2378 X
843 2305 880 2404 (ι
882 2305 1087 2405 )Caesareae

95 2422 162 2498 Nat.
179 2431 263 2500 Cur.
285 2426 504 2500 Academiae.

136 2569 166 2640 9.
184 2545 287 2636 Quid
311 2570 401 2646 ergo
419 2559 475 2618 est
490 2545 507 2615 d
524 2545 681 2644 inquies.
701 2544 857 2639 Nullum
881 2543 1087 2615 animalcu-

97 2654 194 2732 lum
185 2678 286 2736 intra
310 2663 428 2735 cranii
448 2686 605 2750 cavum,
624 2662 720 2733 nihil
740 2662 794 2732 ibi
813 2660 1004 2759 fuliginis,
1024 2672 1090 2731 aut

99 2757 958 2910 pulverisnicotianaeherbaeinventumunquam
965 2773 1090 2865 fuisse,
1184 2830 1186 2833 ψ
1293 2772 1295 2780 ”

101 2898 311 2973 credemus?
327 2903 406 2998 Ego
423 2923 514 2971 vero
531 2921 666 2973 eorum
690 2897 756 2994 qui
772 2918 904 2993 reapse
929 2893 1067 2964 talia
1033 2918 1091 2962 vr-

101 3008 205 3088 disse
199 3041 270 3108 se,
299 3016 492 3107 scribunt,
517 3016 597 3088 aliis
623 3012 778 3146 quidem
804 3011 908 3110 plani
935 3010 1091 3107 alicujus

101 3125 233 3226 fraude,
252 3135 335 3208 aliis
352 3160 462 3227 casu,
484 3133 593 3207 aliis
584 3133 730 3204 rucuria
741 3129 1029 3262 ,plerumque
1020 3153 1093 3200 un-
1105 3116 1121 3147 ⁵

101 3252 254 3343 positum
270 3250 384 3326 fuisse
395 3252 600 3350 ,suspicor
592 3250 724 3322 .N0sti
741 3249 843 3322 enim
859 3220 1091 3347 deceptrices

102 3371 396 3469 praestigiatorum
414 3392 574 3458 manue,
594 3382 638 3440 ut
653 3368 772 3439 rixae
788 3392 836 3438 ne
855 3368 916 3439 rix
936 3364 1093 3464 quidem

102 3483 151 3554 vel
167 3503 273 3561 antea
296 3490 512 3564 admonitus
529 3486 666 3585 aliquis
688 3485 823 3587 sentiat
838 3525 858 3573 ,·
873 3508 959 3556 cum
980 3481 1091 3581 quid·

135 3836 176 3916 (Ι)
194 3844 272 3904 Sect.
285 3849 351 3906 ead.
369 3866 400 3924 1,
414 3848 480 3910 ebs.
494 3847 550 3924 δι,
568 3858 598 3909 et
613 3846 666 3908 lib,
683 3853 719 3920 4,
738 3857 809 3906 sect.
821 3845 892 3916 ult„
907 3844 971 3904 obs.
984 3862 1011 3901 1.

141 3936 181 4017 (ι)
199 3943 270 4006 Obs.
285 3946 335 4026 89.
