2784 4668
187 444 940 543 mn.1:nn⁷uoan1scan1r1s,emst.n.
997 452 1068 531 105³
1150 468 1154 471 ’
1196 464 1214 481 ”’

67 596 159 666 Vero
175 590 262 666 haec
274 595 313 664 in
331 593 496 691 epitome
516 589 631 665 verba
655 606 763 680 sunt,
783 590 838 688 (ι)
858 591 994 665 obiisse
1013 596 1070 664 vi·
1108 626 1111 643 ι

70 706 198 783 delicet
232 715 309 800 ictu
339 713 563 807 sanguinis,
593 732 701 805 quem
736 711 905 781 morbum
949 714 1072 785 Graeca'

72 836 200 914 temneat
234 840 398 913 vocant,
430 825 531 897 unde
558 826 799 924 sanguineam
836 827 1070 925 apoplexiam

71 943 254 1042 intelliges
272 944 383 1015 etiam
399 943 533 1014 samio
552 961 687 1040 quarto
704 940 817 1014 fuisse
836 959 963 1014 notam
980 972 988 1013 ε
1003 959 1070 1018 aut

74 1063 100 1133 si
119 1058 216 1134 forte
238 1085 327 1133 cum
345 1060 390 1132 iis
410 1057 498 1132 lacis
517 1061 583 1159 qui
603 1051 791 1159 epitomen
811 1060 911 1133 illam
926 1062 1070 1151 inoerti
1154 1144 1158 1153 ὗ

75 1179 229 1250 auctoris
245 1200 330 1250 esse
346 1192 503 1276 putant3
520 1177 688 1276 Eutropii
705 1179 902 1250 Historiam
923 1177 978 1276 (α)
996 1179 1068 1252 ins·

72 1296 144 1392 pice
161 1308 304 1393 quarto
325 1294 459 1367 saeculo
482 1310 519 1367 et
540 1296 646 1393 prius
665 1321 776 1393 quam
799 1295 862 1367 illa
882 1296 1078 1394 epitome,-

74 1402 239 1510 scriptam
256 1439 267 1502 ;
286 1411 423 1485 'obiisse
451 1417 593 1486 Verum
621 1412 720 1510 leges
743 1414 865 1484 subito
889 1419 1067 1511 sanguim

74 1531 170 1599 ictum
194 1554 288 1601 casu
316 1532 441 1601 morbi
464 1556 573 1629 quem
608 1533 730 1602 Groecr'
752 1540 887 1616 &manta
914 1544 1064 1602 uocant.

73 1645 110 1714 Et
125 1669 210 1718 sane
241 1647 346 1719 haud
377 1648 517 1737 aliam,
540 1671 655 1746 quam
673 1646 924 1748 ‚sanguineam
953 1644 1066 1720 fuisse

76 1763 150 1843 teri
168 1765 407 1864 apoplexiam
428 1765 489 1837 illa
505 1765 674 1838 indicant
694 1766 842 1865 quaeda
866 1768 947 1864 ejus
967 1766 1064 1854 vita,

76 1879 220 1971 morbo,
248 1884 467 1973 curatione,
497 1897 534 1955 et
561 1883 668 1956 obitu
690 1881 826 1958 sieculo
845 1887 922 1983 jam
949 1883 1073 1956 tertio·

79 1994 358 2072 edideratJulius
370 1980 601 2099 Capitolinus
610 2000 677 2098 (3),
694 2002 874 2090 convivia,
888 2016 924 2073 et
934 2000 1066 2073 calices

77 2100 648 2216 ejusdescribens,tradensque,
661 2143 737 2189 non
751 2118 859 2217 longe
869 2120 919 2190 ab
932 2115 1064 2188 Altino
1133 2191 1135 2195 ,

78 2231 184 2303 subito
206 2239 245 2303 in
262 2233 440 2307 vehiculo
450 2289 461 2322 ,
483 2237 613 2307 morbo
635 2236 744 2333 quem
765 2233 973 2333 apoplerin
994 2257 1065 2303 uo-

79 2363 168 2435 cant,
185 2366 416 2446 correptum,
434 2350 644 2447 depositum
665 2377 686 2423 e
706 2348 905 2435 uehiculo,
921 2348 1067 2421 denae

80 2474 108 2530 to
132 2472 309 2562 sauguine
334 2463 507 2536 Altinum
533 2463 791 2561 perductum,
825 2487 907 2535 cum
939 2465 1062 2537 trr'dno

79 2593 180 2650 mutus
194 2586 370 2678 utnuset,
391 2578 500 2678 opud
509 2579 681 2651 Altinum
690 2586 858 2680 perr'isse.
877 2582 997 2670 Quem
1013 2580 1062 2651 ad

80 2690 183 2768 locum
199 2698 402 2796 Capitolini
424 2723 502 2767 non
523 2698 775 2770 omittendum
795 2712 851 2771 est
873 2696 1063 2796 quodvEg·

79 2813 178 2886 nanus
195 2815 250 2913 (4)
275 2815 388 2914 paulo
409 2838 521 2912 supra
538 2813 602 2885 ubi
624 2813 727 2887 idem
750 2815 959 2888 Historicus
978 2837 1061 2885 eam
1167 2897 1170 2902 ,

81 2926 152 2997 Veri
171 2932 406 3031 apoplexiam
438 2946 736 3020 memoraverat,
761 2932 813 3002 sio
840 2928 1063 3020 adnotavit,
1176 2930 1186 2945 ‘

81 3056 230 3143 utquam
249 3047 429 3146 frequens
448 3047 583 3145 saeculo
606 3051 691 3120 XVI
715 3048 747 3120 i's
767 3033 923 3119 morbus
945 3063 1061 3137 esset,

81 3163 176 3258 magis
186 3168 379 3266 magisque
391 3164 703 3264 intelligeremus:
717 3162 918 3265 apoplexi,
927 3164 1062 3262 inquit,

75 3274 349 3373 frequentissimo
362 3286 451 3379 jam
471 3306 517 3353 ac
529 3280 754 3382 pervulgato
774 3283 824 3354 ob
844 3279 1062 3356 immodera-

85 3400 146 3462 tum
158 3403 252 3486 viai,
271 3405 490 3496 venerisque
508 3425 615 3471 usum
632 3400 765 3470 morbo
777 3423 853 3499 par
867 3399 977 3473 hosce
996 3423 1062 3471 an·

126 3698 150 3775 1)
166 3703 236 3765 nist,
250 3709 326 3784 Aug.
340 3706 468 3782 Epitom.
481 3707 514 3764 in
524 3709 566 3764 M.
583 3707 748 3767 Antonino.

126 3796 151 3874 2)
167 3801 239 3860 Hist.
251 3807 336 3862 Rom.
349 3807 371 3861 l.
385 3805 414 3863 8.
827 3812 830 3819 ’

124 3893 149 3970 3)
165 3900 198 3956 In
209 3905 287 3961 Ver'o
297 3907 437 3979 Imperat.

124 3994 148 4072 l)
165 4001 269 4063 anot.
281 4005 320 4064 ad
332 4002 493 4081 Capitolini
506 4006 551 4064 M.
567 4005 839 4065 Antonifflhilos
917 4044 920 4051 «
996 4038 999 4047 ·

18 4100 45 4221 t
