2798 4668
223 368 237 401 l*

223 469 291 513 ma.
320 462 344 512 1.
372 466 419 512 nn
445 464 580 512 uonna
606 462 765 530 carrus,
791 464 902 514 rrrsr.
929 468 996 513 xu.
1051 445 1118 515 611

111 580 312 663 Riedlinus
333 577 423 675 (ι),
443 603 564 650 annos
577 579 717 650 solidos
729 579 862 677 viginti
879 596 1044 677 quatuor
1060 581 1125 679 hy-

112 698 348 796 drocephalo
374 695 620 767 laborantem.
647 701 710 767 Est
737 696 891 793 quidem
917 697 1018 795 apud
1051 698 1128 769 cla-·

111 843 203 889 rum
223 791 435 887 Fautonum
458 814 525 911 (α)
542 812 719 911 Wepfero
742 813 1128 911 adscriptaobserva-

110 936 216 1005 vatio
236 931 384 1019 rustici,
412 932 478 1028 qui
506 931 706 1027 impatiens
729 928 901 1000 diuturni
925 933 1126 1003 saevissimi-

113 1075 193 1148 que
205 1049 354 1123 doloris¹
367 1051 528 1148 capitisa
542 1074 626 1122 sero
637 1052 916 1121 inter'cranium
932 1067 969 1123 et
982 1054 1127 1124 menin-

114 1192 203 1267 gem
228 1167 364 1238 duram
392 1167 592 1257 conclus0‚
620 1169 887 1239 veterinarium
911 1171 1034 1267 coegit
1053 1148 1126 1241 sibi

114 1283 284 1381 sinciput
300 1284 687 1381 perterebrare‚11nde
698 1287 772 1356 seri
788 1288 897 1384 copia
917 1286 1128 1375 exsiliente,

114 1398 275 1499 prorsus
294 1402 537 1474 convaluerit.
565 1402 637 1473 Sed
654 1401 710 1474 fac
738 1404 932 1476 audaciam
955 1405 1054 1475 hanc
1076 1401 1129 1475 fe·
1210 1430 1215 1444 ’

114 1519 331 1616 licissimum
349 1516 479 1605 fuisse,
496 1518 553 1590 fac
569 1542 649 1595 esse
671 1521 892 1621 chirurgum
914 1523 1039 1620 quiin
1061 1521 1128 1619 hy·

1 1677 2 1681 =
115 1635 351 1733 drocephalc
370 1635 523 1709 infantis
542 1637 698 1734 alicujus
713 1641 832 1738 ipsam
848 1639 943 1713 vvelit
966 1641 1126 1727 imitari,

1 1787 3 1822 ι
116 1777 192 1826 nec
214 1755 351 1825 imitari
378 1755 523 1841 solum,
542 1781 673 1826 verum
695 1760 824 1845 etiam,
849 1760 878 1829 si
895 1756 1029 1828 duram
1051 1780 1132 1828 me-

116 1874 275 1969 ningem
304 1872 470 1945 incidere
486 1896 583 1970 opus
600 1876 663 1962 sit,
691 1875 796 1944 utin
822 1875 1046 1972 gravissimis
1072 1897 1131 1944 ca·

1 2041 2 2058 2
117 1991 209 2090 pitis
226 1988 362 2060 ictibus
375 2012 445 2060 usn
459 1990 584 2078 venit,
611 2014 799 2087 superare.
820 1990 968 2081 Quibus
981 2003 1064 2061 tuto
1079 1992 1133 2059 in·

1 2141 2 2180 a
119 2109 229 2181 diciis
262 2108 437 2203 notisque
466 2107 657 2197 confidet,
684 2123 728 2178 ut
753 2131 824 2203 pro
859 2122 962 2179 certo
985 2123 1132 2206 ponat,

120 2250 227 2298 nunc
239 2227 338 2297 inter
350 2240 480 2297 ossa‘et
494 2249 656 2298 crassam
670 2224 903 2323 meningem,
918 2251 1021 2297 nunc
1032 2227 1131 2329 inter

120 2345 222 2416 hanc
237 2358 274 2416 et
285 2358 456 2430 tenuem,
476 2366 577 2413 nunc
595 2359 749 2414 tenuem
764 2343 865 2414 inter
883 2358 920 2413 et
932 2342 1132 2413 cerebrum

1 2496 4 2540 l
120 2486 260 2560 aquam
282 2462 388 2533 esse?
403 2454 535 2556 Neque
560 2461 661 2531 enim
681 2454 993 2556 desunt'triplicis
1018 2459 1133 2555 hujus

1 2623 4 2658 e
122 2579 225 2654 sedis
235 2579 420 2677 exempla,
435 2591 580 2675 utputa
592 2580 720 2675 primae
732 2578 773 2646 in
788 2575 902 2647 Velsii
917 2576 972 2671 (3)
989 2575 1132 2672 hydro·

2 2735 3 2774 1
124 2697 306 2796 cephale,
319 2699 357 2767 iu
374 2700 454 2793 q‘uo
469 2709 506 2767 et
523 2695 694 2769 secunda
709 2722 718 2764 t
735 2693 924 2791 hujusque
943 2695 1084 2793 pariter
1093 2695 1133 2763 in

124 2811 298 2889 dissectis
315 2839 335 2885 a
352 2810 496 2885 Laubio
519 2813 592 2910 (A),
619 2828 656 2885 et
683 2839 703 2884 a
724 2813 826 2884 claro
847 2817 901 2882 Jo.
927 2808 1133 2908 Rudolpho

47 2948 50 2953 ’
127 2932 398 3030 Ζνιίηςοτοϋ)
423 2933 575 3005 :tertiae
593 2947 719 3003 autem
743 2932 783 3000 in
805 2929 990 3027 Falloppii
1014 2928 1136 3000 nostri

128 3050 408 3140 observatione,
426 3076 539 3149 quam
559 3047 674 3123 habes
693 3052 733 3121 in
752 3047 1000 3147 Sepulchreto
1014 3044 1135 3158 (lilia

176 3409 219 3486 (1)
241 3406 317 3483 Eph.
331 3410 369 3463 N.
383 3370 515 3466 ClCent.
530 3428 543 3464 1
557 3427 565 3479 ;
579 3408 644 3465 obs.
659 3428 707 3484 ²9·

176 3524 219 3602 (a)
240 3524 378 3581 Animad.
394 3523 443 3581 cit.
459 3541 549 3598 supra
560 3524 600 3579 ad
609 3544 640 3579 n.
653 3544 683 3598 9.

178 3638 221 3716 (3)
243 3639 328 3714 Disp.
343 3640 473 3696 demuto
484 3640 584 3695 intest.
598 3639 726 3715 ingress,
745 3658 777 3715 p.
795 3657 829 3710 a,
846 3639 911 3696 obs.
931 3624 974 3693 a(
1027 3714 1030 3719 Ι

179 3754 222 3831 (l)
245 3756 321 3829 Eph.
339 3758 376 3812 N.
395 3757 428 3812 C.
445 3757 520 3812 Cent
538 3773 589 3827 10,
602 3756 667 3813 obs.
683 3755 731 3813 83.

180 3869 224 3949 (5)
246 3873 279 3928 C.
299 3872 348 3927 cit.
367 3894 396 3928 n.
413 3892 510 3949 super.

182 3986 225 4064 (6)
248 3987 312 4044 ain
324 3990 403 4045 Sect.
421 3990 485 4047 hae.
508 3989 553 4046 16.
674 3956 677 3961 Ι
