2774 4666
210 484 278 531 ns.
307 485 331 530 1.
359 485 406 539 nu
432 482 751 546 nousrscnrrrrs,
776 480 887 528 nrrsr.
915 483 962 529 rv.
1021 460 1091 532 203

82 594 288 693 diligenter
301 593 530 683 curandum,
547 619 595 665 ne
615 593 708 693 quid
721 567 1090 686 habeatadmistum3

84 710 198 805 ‚facile
222 714 322 795 erim
340 711 482 811 aliquid
503 712 693 810 sanguinis
711 712 809 784 inter
828 712 1089 785 dissecandum

78 830 317 914 admiscetur
337 858 345 899 z
366 831 571 930 presertim
589 854 814 928 veroquam
832 831 943 928 longa
964 831 1090 927 requi·

84 962 196 1023 ratur
206 949 457 1029 contaminem
469 948 582 1027 series
592 1002 603 1037 ,
614 963 650 1018 et
661 972 774 1044 quam
787 963 911 1035 caule,
926 948 1093 1020 solerter*

86 1090 168 1161 que
188 1064 355 1146 colecta
371 1066 474 1143 Dum
491 1064 571 1138 hnc
584 1063 840 1153 desideratur,
857 1067 887 1137 si
904 1066 1093 1160 conjectu·

89 1182 143 1253 ris
161 1181 221 1264 uri
245 1180 351 1270 licet,
380 1195 494 1287 atque
509 1181 550 1253 id.
567 1181 671 1280 quod
689 1197 744 1254 est
762 1179 1019 1269 manifestius,
1039 1195 1092 1252 at·

89 1290 376 1386 teudere,·nun
399 1298 621 1373 incredibile
642 1314 716 1389 est,
732 1300 791 1395 ,ab
819 1296 1093 1397 ejusdemmodi

91 1433 272 1495 scrotum
287 1416 457 1495 dolorem
472 1416 605 1516 capitis
620 1414 722 1505 lieri,
742 1431 821 1485 tum
838 1415 1092 1513 apoplexiam,

93 1533 162 1609 sed
190 1559 262 1632 pre
286 1537 388 1609 varia
416 1527 549 1633 copia,
577 1548 614 1605 et
644 1533 848 1605 acrimonia
875 1533 1001 1619 illum,
1031 1545 1095 1601 aut

92 1650 219 1739 hanc,
239 1667 277 1727 el
296 1633 395 1723 hanc
410 1650 577 1746 denique
596 1664 681 1748 post
696 1648 814 1721 illum.
837 1649 895 1719 Sic
918 1648 1035 1719 habes
1053 1649 1092 1718 in

92 1765 346 1867 Sepulchreto
362 1765 437 1864 (1),
456 1780 667 1847 matronam
691 1765 928 1835 hemicranio
946 1765 1011 1835 diu
1028 1762 1095 1835 ob-

94 1888 247 1957 noxiam
274 1883 470 1981 apoplexia
489 1898 680 1979 postremo
703 1881 907 1970 sublatam,
924 1883 964 1951 in
988 1880 1095 1975 crrjus

95 2004 228 2077 cronio
244 2004 402 2075 invente
417 2001 884 2098 suntoqucrflarescentis,
902 1998 1097 2070 mediocri·
1114 2026 1118 2033 ¹

97 2136 159 2190 ter
182 2118 322 2207 solite,
353 2117 462 2197 libum
488 2116 726 2189 medicinales
752 2123 897 2199 circiter
921 2122 1094 2215 quinque.

96 2241 202 2313 Hanc
218 2250 430 2308 matronam
444 2258 530 2305 cum
540 2235 654 2305 Zanio
670 2257 845 2331 compara
864 2261 871 2303 :
891 2251 1095 2331 utrumque

97 2369 224 2425 alitem
244 2374 330 2427 cum
349 2355 431 2425 viro
451 2352 557 2447 cujus
576 2353 716 2449 pariter
731 2336 772 2422 ut
797 2352 926 2448 capitis
947 2351 1096 2427 dolores

98 2473 291 2569 primurn,
312 2469 730 2569 deiude'apoplexiam‚
746 2469 809 2541 'sic
829 2470 970 2540 circum
994 2488 1096 2539 cere-

100 2588 235 2676 brum,
261 2588 355 2659 etin
379 2585 536 2659 cerebro
556 2610 690 2683 aquam
709 2585 976 2681 descripsimus
994 2584 1098 2681 Epis

102 2707 178 2777 tola
194 2705 291 2802 Ile).
312 2707 391 2777 Nec
405 2705 493 2801 quia
515 2705 555 2774 in
569 2705 649 2798 ejus
668 2727 765 2800 aqua
784 2700 947 2788 salsed0,
960 2726 1043 2797 quae
1058 2702 1098 2771 in

100 2823 253 2897 duobus
263 2822 450 2920 prioribus
461 2820 638 2895 adnotata
655 2835 728 2908 est,
748 2820 962 2905 omittatur,
977 2815 1099 2887 credi·
1139 2885 1144 2891 ,

101 2940 214 3012 bilius
223 2956 303 3029 est,
319 2937 498 3029 defuisse,
515 2964 627 3037 quam
644 2938 886 3035 perquisitam
909 2959 987 3005 non
1008 2957 1097 3004 esse.

102 3057 355 3155 Nec'quodea
365 3058 473 3155 copia
486 3079 559 3153 qua
573 3056 612 3125 in
626 3058 796 3127 marrona
811 3051 899 3141 fuir,
913 3054 952 3122 in
968 3074 1099 3121 eorum

105 3176 241 3247 neutro
259 3173 347 3263 fuit,
377 3174 519 3245 idcirco
542 3173 735 3271 proposita
766 3172 983 3266 conjectura
1009 3167 1100 3262 abji-

101 3293 235 3372 cienda
255 3307 310 3365 est
329 3293 548 3391 priusquam
577 3290 785 3389 proximam
797 3288 996 3360 «historiam
1015 3309 1099 3383 per-

104 3411 224 3508 legas,
238 3425 274 3480 et
288 3434 370 3506 qum
381 3408 429 3479 ad
447 3411 568 3506 ipsam
582 3395 856 3479 adnotabimus.

153 3536 187 3616 4.
206 3526 382 3599 Publicus
395 3527 571 3597 Bononiae
586 3526 686 3621 juris
700 3522 909 3611 Professor,
930 3522 1039 3615 cujus
1050 3517 1101 3589 fa·

104 3647 176 3717 ciei
188 3644 296 3716 color
307 3644 424 3714 ruber
443 3643 491 3714 ad
510 3622 728 3740 plumbeum
744 3663 921 3737 vergens,
940 3650 1025 3707 aetas
1040 3658 1102 3703 au·

144 3918 188 3994 (1)
208 3922 243 3975 L.
261 3939 291 3990 ι,
309 3929 380 3975 sect.
396 3938 430 3989 a,
444 3886 516 3975 Olrs.
532 3916 578 3984 45.

145 4019 188 4097 (a)
209 4022 247 4076 N.
263 4027 290 4085 4.
