2784 4668
321 378 388 466 146
481 400 528 447 nr
554 395 701 446 scurrus
723 397 769 443 ar
793 394 917 445 ctus1s
942 397 1154 457 nonronuu

209 523 213 534 '
315 517 402 587 rint.
423 516 598 604 Quorum
616 534 704 582 cum
727 511 945 609 propositus
963 511 1114 610 bajulus
1135 515 1239 589 nihil
1256 543 1323 591 un-

315 653 431 728 quam
448 654 579 729 passus
596 654 675 703 esse
694 629 861 718 dicatur3
882 655 954 702 nos
972 630 1019 704 de
1038 631 1138 728 ejus,
1159 651 1201 707 et
1225 659 1319 707 com·

277 851 282 859 1
313 753 483 851 plurium
497 752 644 849 cysticis
660 751 831 840 calculis,
854 752 959 825 lento
976 755 1088 842 vitio,
1103 767 1140 825 et
1161 753 1321 851 plerum·

314 896 390 967 que
408 871 540 959 inerti,
562 893 776 943 sermonem
794 868 870 942 alio
888 871 942 967 (1)
960 871 1198 967 rejicientes,
1222 896 1318 943 nunc

313 988 354 1057 in
373 987 593 1075 celerrimo,
612 1000 656 1058 ut
679 987 929 1075 instituimus,
948 1002 986 1060 et
1004 990 1318 1086 perniciosissimo

313 1105 561 1177 consistemus
582 1132 590 1175 :
611 1104 719 1201 cujus
735 1129 782 1177 en
801 1102 871 1176 tibi
880 1105 1099 1203 exemplum
1107 1109 1276 1179 tertium.

367 1221 403 1293 6.
430 1221 630 1293 Mulierem
661 1220 1001 1320 quadragenariam
1029 1222 1208 1296 bibacem
1234 1249 1317 1323 apo·

312 1322 434 1438 plexia
445 1337 711 1435 prehenderat.
732 1338 790 1411 Ab
805 1338 876 1411 hae
892 1341 932 1411 in
946 1340 1062 1415 latere
1080 1356 1250 1439 utroque
1264 1367 1316 1414 re·

312 1456 434 1529 soluta
446 1470 527 1528 erat
544 1480 630 1527 cum
647 1457 688 1526 in
705 1457 970 1527 nosocomium
985 1457 1209 1527 Patauinum
1225 1456 1316 1529 illata
1364 1516 1365 1519 η

314 1588 394 1645 est:
415 1571 483 1643 ubi
495 1586 532 1643 et
542 1575 617 1645 cito
635 1572 804 1645 decessit.
1363 1660 1364 1663 Ἴ

361 1694 405 1761 In
434 1674 516 1785 ejus
537 1689 716 1761 cadavere
737 1688 787 1760 ob
806 1690 1111 1786 intempestivum
1139 1692 1237 1764 aeris
1263 1715 1314 1762 ca·
1359 1738 1365 1781 q

312 1808 455 1895 lorem,
474 1804 638 1877 necdum
652 1805 754 1876 enim
767 1802 915 1876 medius
938 1820 1020 1876 erat
1045 1809 1206 1879 martius
1225 1828 1312 1878 anno
1359 1860 1360 1863 ,

317 1931 426 2023 1740,
447 1923 607 2011 vixalia,
626 1946 741 2020 quam
753 1936 884 2019 caput,
903 1921 1045 1999 ibidem
1064 1925 1225 2023 inspexi.
1234 1930 1309 1996 Cra·
1354 1918 1365 2023 J

312 2044 365 2113 nii
385 2065 518 2113 cavum
539 2042 662 2114 visum
682 2055 738 2112 est
758 2064 830 2138 pro
854 2038 1093 2137 longitudine
1112 2042 1306 2141 angustius.
1351 2098 1360 2140 ,Ξ

307 2160 518 2259 Polyposus
527 2162 678 2256 sanguis
699 2159 738 2227 in
753 2160 837 2229 sinu
849 2154 962 2229 falcis.
978 2163 1073 2230 Vasa
1087 2184 1159 2256 per
1169 2175 1307 2231 tenuem
1349 2194 1365 2261 q

312 2280 527 2375 meningem
550 2274 735 2364 distenta,
755 2290 797 2345 ut
814 2276 957 2370 majora
975 2276 1229 2373 nigricarent3
1251 2274 1306 2343 mi·
1346 2330 1364 2381 'u

312 2397 434 2482 nima,
448 2395 554 2493 quasi
573 2419 594 2464 a
612 2391 737 2464 rubrae
751 2417 844 2464 cerae
865 2393 1087 2487 injectione,
1107 2389 1307 2492 pulcherri·
1344 2448 1363 2499 u

311 2515 424 2585 mein
441 2524 694 2609 conspectum
711 2508 894 2581 venirent.
910 2514 955 2581 Fit
969 2510 1190 2600 cerebrum,
1202 2524 1238 2581 et
1254 2530 1305 2577 ee·
1343 2552 1362 2616 ti

307 2630 496 2704 rebellum
528 2626 725 2712 molliora,
753 2624 920 2722 indeque
942 2652 986 2697 ea
1006 2629 1165 2701 meninx
1195 2627 1303 2699 detra-
1340 2666 1360 2734 li

311 2748 437 2821 hentis
456 2732 611 2816 manum
637 2740 812 2814 facillime
833 2744 1070 2842 sequebatur.
1093 2750 1194 2818 Dum
1216 2764 1304 2815 cere·
1342 2804 1353 2875 P

309 2864 423 2936 hrum
447 2862 638 2935 assulatim
662 2858 892 2950 inciderem,
912 2864 1142 2935 non'solum
1163 2873 1303 2963 puncta,
1337 2903 1357 2969 ,Ji

311 2997 350 3053 et
362 2980 553 3052 filamenta
573 2980 778 3076 sanguinea
803 2978 863 3050 vel
886 2979 1130 3077 pluraquam
1152 2982 1301 3058 soleant,
1334 3028 1357 3090 ,m

308 3102 448 3201 passim
469 3097 745 3185 occurrebant3
770 3097 899 3170 sedin
923 3099 1126 3172 medullari
1150 3093 1300 3195 singule
1333 3148 1355 3208 q

309 3244 394 3289 rum
414 3214 769 3313 hemisphaeriorum
785 3216 995 3295 substantia
1005 3218 1153 3317 singula
1164 3219 1299 3288 inventa
1330 3264 1342 3317 κ

310 3350 399 3407 sunt
418 3357 527 3419 cava,
544 3350 702 3430 parvum
711 3358 833 3405 unum
850 3333 898 3405 ad
911 3334 1008 3407 latus
1019 3350 1215 3408 externum
1230 3327 1298 3400 tha·
1328 3308 1353 3446 ,gc

308 3453 400 3523 lami
418 3450 561 3522 dexteri
576 3453 683 3522 nervi
704 3452 821 3551 optici
846 3476 888 3523 ea
911 3450 1052 3545 forma,
1072 3469 1109 3526 et
1131 3446 1297 3549 magnitu·
1328 3482 1351 3559 q¹

311 3568 418 3659 dine,
437 3584 478 3641 ut
503 3569 609 3641 ovale
629 3570 829 3641 minimum
851 3595 1019 3668 prunum
1042 3573 1231 3645 continere
1248 3557 1296 3628 vix
1329 3613 1351 3689 q

317 3751 1293 3793 *W
1322 3807 1348 3849 N

352 3910 396 3987 (ι)
417 3910 509 3985 Epist.
524 3911 578 3981 37,
593 3930 624 3966 n.
638 3930 686 3983 ²7·
1324 3960 1346 4027 ᾖε
