2774 4666
189 459 257 506 rra.
285 460 310 504 r.
338 457 385 504 na
413 456 551 505 aroneis
576 456 736 521 carnis,
761 457 874 504 errsr.
901 439 949 505 iv.
1009 436 1078 510 253

75 596 154 646 cunr
163 570 437 671 spatiumquod
449 572 722 641 intracranium
735 585 825 661 erat,
835 573 1078 646 imminutum
1176 619 1181 625 ·

72 691 143 786 jam
159 686 414 773 offendisseta
432 688 579 759 tumido
598 688 665 764 illo
676 730 678 735 ·
691 711 871 785 corpore,
890 703 997 761 tanto
1017 715 1078 762 ce-

76 808 333 905 leriuspotuit‚
351 805 459 903 quod
467 804 659 902 reliquum
668 820 747 876 erat
761 831 946 905 occupare
956 863 966 897 ,
976 833 1076 880 com·

76 948 275 1023 pressoque
304 925 454 1019 penitus
472 921 652 1010 cerebro,
675 923 789 995 vitam
820 938 975 1022 repente
997 926 1077 996 adi-

76 1038 711 1139 mere.Verumhaeomnes‚aliaeque
720 1039 950 1135 ejuscemodi
959 1066 1076 1114 causae
1184 1082 1188 1089 ·

76 1157 118 1230 ad
134 1158 296 1230 alterum
324 1155 371 1227 de
402 1156 554 1228 duobus
580 1156 782 1252 generibus
800 1171 969 1255 spectant
993 1184 1075 1258 quae

77 1276 349 1375 proposuimus.
371 1278 508 1345 Causas
523 1288 649 1344 autem
663 1275 801 1371 prioris
817 1277 984 1373 generis,
1000 1279 1075 1350 sive
1137 1296 1142 1310 *

77 1417 150 1491 qne
168 1391 364 1490 angustius
381 1390 420 1461 id
438 1392 599 1489 spatium
617 1392 657 1462 in
677 1391 895 1463 hominibus
917 1392 1074 1492 quibus-

77 1508 153 1580 dam
173 1508 283 1582 nullo
300 1533 379 1579 non
391 1523 562 1606 tempore
577 1505 765 1596 efficiunt,
781 1510 922 1606 quippe
937 1511 1075 1606 quaeab

77 1640 169 1714 ortu,
189 1641 257 1698 aut
274 1650 295 1697 a
310 1626 442 1724 primis
459 1625 631 1698 aetatibus
644 1650 765 1724 usque
783 1641 887 1716 sunt,
903 1642 1075 1726 repetere
1136 1638 1137 1641 ’

78 1757 221 1840 oportet
235 1757 299 1814 aut
314 1768 335 1815 a
349 1743 514 1831 cerebri,
532 1758 570 1816 et
582 1743 759 1817 cerebelli
770 1745 871 1817 mole
881 1770 989 1843 aequo
1000 1771 1074 1837 ma·

75 1861 188 1957 jori‚si
201 1884 290 1933 curn
306 1864 424 1933 cranii
436 1863 638 1959 capacitate
653 1877 905 1961 comparetur,
914 1877 1075 1936 autcon-

78 1990 127 2047 tra
142 1976 189 2051 ab
209 1976 281 2048 hac
299 2002 408 2074 aequo
427 1980 584 2068 minori,
604 1981 734 2051 sicum
756 1979 819 2050 illa
839 1978 1072 2057 conferatur:

78 2094 328 2194 quaessquidem
343 2105 509 2188 ὰυμμιψὶ
528 2097 558 2165 si
572 2094 675 2166 haud
691 2098 741 2166 ita
760 2120 846 2167 raro
869 2099 969 2168 inter
987 2099 1075 2172 alias

79 2213 236 2284 occurrit
248 2225 390 2309 partem
404 2236 473 2282 cur
483 2212 775 2309 nonaliquando
790 2216 889 2284 inter
900 2214 968 2286 has
981 2238 1073 2314 qno·

77 2329 165 2425 que?
183 2327 368 2425 Eqmdem
384 2351 472 2396 oum
491 2326 538 2398 de
556 2327 626 2399 alia
645 2329 683 2398 in
700 2328 780 2400 eliis
797 2324 914 2402 cranii
927 2337 1086 2432 capaci-r

79 2457 142 2517 tate
156 2446 326 2569 primum
340 2445 380 2513 in
394 2441 623 2514 Adversariis
640 2443 694 2540 (1)
710 2448 941 2519 mentionem
951 2453 1075 2546 injeci,

77 2562 118 2632 ad
134 2564 245 2635 istam
259 2563 376 2658 ipsam
396 2584 471 2656 qua
486 2557 604 2631 dehic
619 2562 782 2656 egimus,
795 2587 875 2634 rem
885 2566 1074 2638 illustran-

78 2678 174 2772 dam;
189 2682 296 2770 eo‚si
308 2679 461 2777 quaeris,
471 2677 826 2750 meadduxeratelia
841 2682 879 2750 in
899 2682 979 2753 aliis
994 2708 1074 2754 cra-

78 2800 140 2872 niis
158 2823 256 2897 saepe
274 2796 549 2883 animadversa,
577 2810 614 2866 et
634 2798 674 2866 in
701 2796 895 2868 nonnullis
919 2800 1073 2895 quidem

78 2914 246 2988 altissima
265 2915 452 2986 excavatio
472 2913 519 2983 ad
537 2935 623 2985 vasa
650 2938 733 3009 quae
752 2938 820 3011 per
838 2914 972 2986 duram
999 2943 1075 2990 me·

79 3036 224 3132 aingem
238 3015 473 3130 prominent,
486 3031 716 3127 excipienda.
733 3032 805 3103 Sed
821 3035 970 3104 tacitam
985 3060 1075 3107 con·
1108 3040 1111 3047 '

77 3152 221 3247 jecturae
248 3178 338 3226 meac
352 3136 512 3223 causam
532 3138 644 3248 plane
677 3151 931 3237 confirmante
962 3168 1075 3251 atque

78 3269 311 3369 amplificavit
320 3268 1074 3368 virsagacissimusHuneuldius(a),qnem
1128 3284 1131 3291 “

78 3390 190 3488 Regia
206 3389 453 3460 Scientiarum
468 3386 674 3458 Academiae
683 3387 874 3461 Parisiensi
885 3387 1073 3486 ,mihique

78 3504 144 3601 ipsi
161 3519 248 3577 ante
266 3505 365 3579 diem
384 3521 575 3603 ereptum,
596 3529 683 3576 cum
697 3503 776 3575 baec
792 3503 992 3577 scriberem
1009 3530 1073 3577 co-

79 3624 188 3718 gnovi
204 3647 249 3693 ex
270 3623 402 3701 litteris
419 3617 675 3709 celeberrimi,
702 3637 739 3693 et
757 3645 845 3719 erga
859 3646 919 3691 me
939 3621 1075 3696 liberat

117 3902 160 3981 (ι)
180 3907 222 3962 vl
234 3906 373 3962 Animad.
388 3907 434 3970 84.
805 3959 806 3962 ,

117 4002 161 4081 (a)
180 4006 308 4087 Hist3de
319 4006 431 4062 l'Acad.
446 4008 479 4062 R.
494 4005 546 4061 des
560 4005 624 4076 Se,
639 4003 787 4074 an.173l;
