2862 4668
316 428 366 507 66
482 448 531 501 nr
555 448 702 499 sturnus
725 449 770 497 rr
792 446 919 497 causis
943 448 1152 498 nonnosum

318 566 429 668 genio
444 562 636 665 praeditus,
653 556 760 662 cujus
776 583 897 652 soror,
914 558 1103 660 fraterque
1117 586 1163 635 ex
1172 546 1321 661 phthisi

315 681 553 765 interierant,
570 703 657 750 cum
680 679 761 776 ipse
786 703 887 750 anno
911 679 1104 776 superiore
1124 677 1318 777 pulmonis

316 799 458 874 sinistri
475 796 771 868 inflammatione
780 795 990 869 »laborasset
1001 788 1011 885 ,
1023 796 1228 893 corripitur
1247 792 1317 865 do·

314 918 397 995 lore
426 915 556 1014 capitis
582 936 696 1011 supra
721 913 875 1001 oculos,
901 928 1014 1011 atque
1038 912 1176 984 horum
1204 911 1318 983 etiam

209 1082 213 1089 >
314 1035 464 1119 dolore,
485 1032 584 1105 eirca
598 1053 695 1129 quos
706 1029 846 1103 viscida
861 1027 1036 1103 effluebat
1044 1029 1211 1101 materia.
1228 1031 1319 1101 Pos-

311 1150 425 1224 tridie
446 1148 599 1237 delirat,
619 1147 748 1220 oculos
770 1149 811 1219 in
838 1145 1026 1221 adstantes
1043 1145 1193 1246 defigit,
1215 1170 1315 1217 non·

313 1267 411 1342 nihil
433 1264 574 1339 viscida
591 1266 743 1339 evomit.
764 1264 910 1338 Deinde
933 1290 979 1340 ex
997 1265 1204 1363 improviso
1222 1287 1316 1335 con·

312 1385 549 1459 vulsioninus
561 1380 830 1482 prehenditur:
844 1402 866 1451 a
879 1382 1015 1478 quibus
1027 1383 1066 1450 in
1076 1379 1315 1451 affectionem

314 1504 421 1605 qnasi
440 1523 664 1601 soporosam
683 1496 837 1587 incidit,
852 1498 986 1596 saepius
1010 1513 1136 1569 tamen
1157 1497 1315 1569 convul-

313 1620 437 1708 sione,
450 1642 535 1691 cum
548 1613 692 1689 difficili
705 1614 952 1712 respiratione
968 1615 1194 1711 conjuncta,
1212 1614 1313 1686 exci-

312 1750 423 1811 tatur.
442 1733 614 1830 Denique
626 1731 802 1802 moritur.
1260 1824 1265 1828 ᾗ

361 1855 659 1945 Venmeaperto,
674 1868 763 1918 sane
775 1844 902 1917 omnia
913 1846 1175 1938 inveniuntur3
1190 1852 1313 1947 quan·

312 1993 428 2069 quam
451 1968 491 2037 in
519 1962 731 2037 ventriculo
749 1978 829 2035 erat
849 1961 989 2035 humor
1008 1965 1161 2063 quidam
1180 1969 1315 2066 arrugi-

312 2110 450 2172 nosus,
469 2080 592 2155 vesica
615 2092 741 2154 antem
772 2080 887 2171 lotio,
914 2096 951 2154 et
970 2084 1080 2181 cystis
1104 2082 1212 2156 fellea
1235 2083 1312 2157 bile

312 2201 578 2301 turgebantln
592 2197 747 2269 thorace
766 2196 1067 2296 dexterapulmo
1087 2202 1312 2299 pleuraqui-

309 2318 558 2393 domnolum
575 2329 676 2403 erat3
700 2314 821 2386 sedin
840 2317 1035 2414 superiore
1054 2332 1178 2414 parte,
1196 2318 1312 2389 clavi-

313 2437 436 2510 culam
460 2456 618 2521 versus,
644 2432 862 2503 continebat
890 2430 1148 2521 tuberculum,
1173 2459 1312 2507 nucem

302 2551 527 2654 ⁴juglandem
549 2548 665 2621 ferme
689 2568 861 2645 aequans,
886 2550 927 2618 in
953 2573 1033 2646 quo
1060 2572 1174 2648 parva
1203 2564 1312 2625 erant

301 2692 393 2746 cava
408 2671 570 2743 materiae
584 2667 716 2765 plena,
735 2670 816 2763 q'uae
829 2666 956 2738 colore
970 2682 1007 2739 et
1028 2669 1184 2741 mollitie
1199 2670 1310 2743 subs-

304 2782 462 2863 tantiam
491 2781 637 2858 cerebri
675 2782 921 2854 medullarem
952 2782 1168 2859 referebat:
1196 2802 1309 2885 atque

236 2938 240 2953 t
307 2905 398 2981 hinc
417 2902 603 2990 fortasse,
635 2901 666 2971 si
688 2899 828 2971 diutius
848 2922 945 2999 puer
962 2903 1136 2992 vixisset,
1156 2905 1310 2977 initium

308 3021 435 3096 morti
453 3021 521 3117 'qui
539 3038 708 3091 sororem
720 3012 949 3117 fratremque
962 3020 1202 3093 interemerat
1216 3022 1311 3092 exti-

308 3141 426 3213 tisset.
453 3136 585 3207 Pulmo
612 3149 737 3206 autem
759 3136 932 3220 sinister,
956 3141 1024 3234 qui
1045 3137 1312 3210 inflammatio-

309 3274 419 3342 nem,
435 3267 478 3324 ut
502 3251 599 3340 dixi,
615 3268 700 3325 ante
728 3246 870 3324 annum
902 3244 1032 3351 passus
1050 3253 1190 3345 fuerat,
1219 3281 1308 3328 cum

308 3371 442 3474 pleum
467 3369 515 3442 ad
539 3369 695 3443 dorsum
715 3371 1019 3444 connectebatur.
1037 3372 1309 3446 ‘Pericardium

308 3490 384 3564 aeri
403 3489 533 3560 uncias
551 3486 682 3560 habuit
700 3488 811 3576 duas,
831 3513 954 3586 eoque
976 3490 1156 3589 amplius3
1176 3490 1310 3565 dexter

309 3622 436 3680 autem
456 3604 582 3678 cordis
597 3606 830 3679 ventriculus
853 3630 1005 3704 parvam
1025 3608 1310 3680 concretionem

308 3725 543 3826 polyposam.
558 3724 713 3822 Sanguis
730 3722 897 3821 reliquus
908 3726 1015 3797 nullo
1027 3725 1310 3799 modoconcre·

308 3858 429 3931 verat,
445 3826 617 3941 quamvis
634 3840 729 3912 hora
743 3843 820 3937 jam
843 3859 939 3915 esset
959 3843 1005 3915 ab
1032 3843 1139 3916 obitu
1162 3836 1311 3917 decima

310 3952 477 4062 septima.
504 3957 642 4035 &anio
666 3973 835 4047 exsecto,
853 3959 949 4034 dura
974 3962 1131 4035 meninx
1146 3960 1195 4035 ad
1222 3984 1310 4037 san-

1030 4064 1049 4102 ἢ
