2782 4668
291 446 362 535 426
454 469 500 516 na
525 467 672 516 sentitus
696 466 741 515 aa
766 466 890 514 causis
915 462 1126 514 uonaonuu

289 598 366 655 tem
381 580 520 653 rabiosi
531 583 634 653 canis
647 605 816 653 morsum
826 579 1080 678 spectabimus
1089 607 1099 669 ;
1109 580 1206 651 nibil
1216 607 1314 654 esse

289 724 408 772 causae
430 700 703 798 intelligemus,
736 723 804 770 cur
835 710 993 796 proPter
1017 698 1111 770 aiios
1139 695 1302 771 fortuito

289 817 488 914 adjunctos
504 818 675 904 timores,
687 815 954 912 ejusmorbum
968 815 1083 887 alium
1093 815 1141 886 ab
1156 816 1300 913 hydro·

287 934 429 1034 pbobia
453 948 666 1007 statuamus.
685 937 779 1006 Nam
802 934 832 1005 si
848 931 944 1005 forte
962 958 1040 1004 non
1058 935 1205 1017 omnia,
1233 933 1301 1005 sed

287 1050 412 1148 aliqua
427 1049 606 1122 duntaxat
617 1105 627 1139 ,
637 1070 678 1121 ut
687 1050 829 1138 lucem,
839 1051 1001 1148 exempli
1011 1051 1144 1147 gratia,
1157 1064 1303 1147 praeter

287 1193 423 1266 aquam
439 1169 640 1255 timuisset;
659 1192 751 1238 num
768 1183 969 1266 propterea
985 1168 1098 1238 alium
1111 1166 1300 1237 morbum

287 1310 366 1357 esse
384 1285 621 1357 diceremus?
640 1311 706 1359 eos
719 1286 908 1356 imitantes
919 1340 929 1373 ,
941 1284 990 1356 de
1001 1284 1138 1383 quibus
1150 1287 1302 1382 pariter

213 1466 216 1471 ,
285 1402 488 1501 Caelius(1)
512 1405 698 1486 meminit,
727 1405 793 1502 qui
811 1403 1098 1502 Aerophobiam
1122 1404 1300 1477 vocavis·

287 1535 390 1609 sent,
407 1523 503 1593 aeris
512 1521 686 1594 videlicet
696 1524 893 1609 timorem,
909 1522 981 1593 nisi
991 1520 1052 1590 hic
1066 1519 1304 1618 generaliter

280 1637 498 1735 phreniticis
509 1639 781 1710 adscriberetur
788 1667 801 1726 ‚·
817 1663 905 1709 nam
917 1638 1054 1709 horum
1064 1637 1225 1734 quidam
1240 1661 1303 1706 aa·

285 1778 362 1824 rem
379 1754 542 1825 lucidam
552 1756 819 1842 extimescunt,
838 1752 996 1854 quidam
1006 1756 1214 1825 obscuram.
1228 1757 1303 1824 Ve-

283 1896 365 1941 rum
386 1875 620 1959 communia,
637 1889 673 1944 et
687 1899 756 1971 per
773 1875 897 1945 varios
913 1870 1069 1944 morbos
1083 1872 1265 1967 vagantia
1280 1896 1300 1941 a

282 1994 554 2089 propriis'sunt
571 1993 801 2066 secernenda
820 2021 827 2062 :
848 2018 1066 2091 quanquam
1085 2015 1179 2087 saepe
1195 1992 1301 2060 acci·

283 2108 337 2179 dit
354 2108 633 2207 hydrophobia,
651 2124 694 2183 ut
713 2136 838 2183 aerem
856 2112 1023 2182 timeant.
1041 2113 1172 2206 Neque
1187 2107 1233 2178 id
1253 2135 1299 2180 eo

283 2224 388 2315 dico,
417 2228 523 2324 quod
547 2229 768 2300 imminente
796 2227 954 2317 morbo,
987 2228 1105 2300 soleat
1134 2228 1176 2296 in
1202 2227 1301 2325 ipsis

282 2344 546 2432 animadverti,
573 2364 619 2425 ut,
632 2348 765 2418 Caelius
782 2347 936 2444 quidem
956 2345 1010 2443 (a)
1034 2344 1211 2433 tradidit,
1239 2351 1299 2413 in·

281 2478 387 2533 saeta
407 2465 560 2561 querela
578 2471 697 2553 aeris,
731 2481 913 2562 tanquam
930 2468 1106 2549 austrini,
1125 2466 1301 2558 wamelis

281 2584 540 2672 serenasaerit
558 2590 671 2682 quies.
690 2583 762 2655 Sed
779 2608 825 2655 eo
843 2582 945 2671 dico,
964 2580 1091 2678 quod,
1108 2594 1299 2676 prasente

280 2698 356 2793 jam
364 2698 1097 2797 hydrophobia,pluresagitatumaerem
1108 2712 1297 2767 metuant

283 2816 340 2884 Sic
358 2815 420 2887 ille
438 2816 485 2887 de
503 2842 580 2915 quo
598 2820 815 2916 Zwingerus
827 2815 901 2913 (3),
918 2812 1116 2887 transeatis
1138 2811 1299 2884 liberam

283 2956 408 3002 aerem
426 2948 540 3030 atque
562 2931 708 3032 liquida
740 2935 937 3023 horrebat,
963 2949 1000 3005 et
1020 2957 1109 3005 sane
1128 2932 1296 3023 sisenes·

283 3052 525 3141 trae,sisnres
541 3052 816 3149 aperiebantur,
828 3066 1081 3150 symptomata
1094 3054 1225 3121 statim
1235 3074 1296 3122 ve·

285 3166 517 3240 hemente'ora
533 3168 795 3240 reddebantur.
814 3171 914 3260 Quas
923 3169 1036 3257 alius,
1052 3183 1096 3239 ut
1112 3169 1153 3237 in
1166 3166 1295 3265 Sepul-

190 3362 193 3367 4
284 3283 417 3389 ebreto
434 3284 492 3382 (4)
508 3285 632 3384 leges,
656 3286 930 3383 diligentissime
955 3285 1084 3357 claudi
1113 3285 1292 3371 curabat,

283 3425 390 3492 sorra,
408 3426 523 3502 quem
540 3404 611 3476 sibi
620 3404 820 3476 videbatur
836 3404 983 3492 audire,
989 3401 1177 3496 fitlmirrei
1192 3407 1294 3474 venti

323 3724 367 3802 (ι)
387 3727 474 3782 deut.
489 3728 568 3782 Pass.
584 3727 605 3781 l.
621 3726 655 3797 3,
668 3744 694 3782 c.
711 3743 758 3783 ra.

325 3823 369 3902 (a)
389 3827 589 3883 L.cit.c.11.
648 3862 652 3869 ·

325 3924 370 4004 (3)
388 3927 458 3983 Vid.
475 3925 548 3984 Obs.
568 3927 618 3982 cit.
633 3945 741 4001 supra,
755 3927 794 3984 ad
806 3947 836 3982 n.
854 3946 898 4002 19·

326 4022 369 4103 (t)
389 4028 424 4083 L.
446 4047 479 4099 1,
495 4038 565 4086 sect.
582 4026 619 4100 8,
634 4028 772 4102 Append.
788 4031 804 4098 ς
823 4047 850 4083 a.
