2782 4668
192 483 259 530 Lm.
288 484 311 529 1.
340 464 874 545 ounonurscarrr1s,errsr.
901 480 966 526 vn.
1019 452 1089 551 357

88 594 241 669 docebo.
260 599 408 667 Interea
426 594 636 667 'convulsivi
649 609 776 665 motus
793 586 905 691 coepti
928 609 1013 666 sunt
1029 592 1090 665 ad-

87 713 206 784 notari
220 713 554 809 levesprimum‚ut
568 713 608 782 in
622 711 822 783 tendinum
833 712 937 809 carpi
947 700 1092 782 subsul-

88 829 203 918 tibus,
230 829 368 907 deinde
396 830 567 925 majores.
596 831 806 901 Novissime
833 854 904 901 nec
932 826 1109 923 difficilis

87 941 279 1044 respiratio
296 962 394 1034 erat,
412 962 469 1034 et‚·
484 947 513 1018 si
528 964 734 1043 quaereres,
749 945 869 1017 ullum
880 970 918 1028 se
928 949 1090 1044 usquein

88 1062 277 1149 dolorem,
294 1079 359 1134 aut
375 1062 586 1134 molestiam
603 1065 818 1161 percipere,
836 1063 1006 1161 negabat.
1018 1062 1091 1134 Sed

90 1179 268 1250 clamabat
295 1181 467 1267 interim,
498 1194 611 1277 atque
641 1181 783 1253 inscius
811 1180 985 1252 culcitam
1007 1203 1094 1276 per·

90 1295 464 1395 mingebat„Tandem
475 1296 588 1393 pulsu
597 1295 781 1368 debiliore
790 1294 907 1384 sacto,
924 1295 988 1368 sed
1001 1318 1093 1367 nun·

90 1438 197 1512 quam
214 1414 406 1512 inaequali‚
423 1410 518 1486 obiit
539 1412 653 1512 paulo
676 1424 762 1512 post
780 1412 897 1489 finem
915 1414 990 1486 diei
1006 1412 1091 1512 sepss

89 1533 173 1611 timi.
216 1616 221 1627 V
856 1598 857 1605 ,

133 1653 176 1718 In
192 1648 378 1719 ‘cadavere
395 1647 493 1733 latus
514 1647 605 1719 colli
627 1647 825 1719 dexterum
844 1647 991 1727 livebat
1008 1649 1090 1735 stc,

91 1780 212 1836 ventre
227 1779 359 1862 aperto
371 1819 381 1854 ,
392 1765 572 1860 jecinoris
587 1766 698 1836 etiam
713 1765 853 1837 limbus
865 1765 912 1837 ad
927 1754 1092 1862 aliquem

92 1896 268 1971 tractum,
289 1882 354 1954 sed
381 1882 428 1952 ad
454 1884 626 1980 exiguam
643 1883 891 1955 altitudinem.
920 1881 1117 1955 Vesicula'

92 2015 278 2072 contracta
287 2054 298 2089 ,
317 2024 437 2097 pauca
450 2001 553 2072 intus
568 2001 662 2090 bile5
679 2027 762 2098 quae
777 2000 939 2073 dilutum
948 2001 1096 2071 tabdcei

93 2121 259 2191 colorem
270 2116 466 2191 referebat.
493 2119 738 2193 Ventriculus
763 2144 885 2192 sanus.
913 2124 1094 2191 Pancreas

91 2238 258 2326 crassius,
279 2251 316 2307 et
331 2235 555 2308 subdurum.
588 2241 634 2307 In
651 2237 806 2339 thorace
820 2236 917 2307 nihil
929 2252 1008 2309 erat
1022 2236 1095 2308 seri

91 2351 200 2427 effusi.
221 2353 356 2425 Pulmo
374 2352 505 2426 dexter
529 2356 668 2453 pleurae
692 2354 863 2452 undique
889 2378 959 2451 per
979 2354 1092 2425 inter-

87 2469 195 2563 jectas
212 2470 453 2543 membranas
471 2472 675 2544 arctissime
694 2471 917 2568 alligabatur
937 2469 1093 2543 tumad

92 2604 222 2677 costas,
238 2604 321 2660 tum
332 2587 380 2658 ad
393 2605 540 2686 septum
551 2604 805 2668 transversum
821 2615 828 2657 :
844 2588 993 2660 sinister
1002 2611 1092 2657 eon·

91 2717 141 2775 tra
169 2707 301 2804 paucis
321 2706 361 2775 in
379 2705 490 2795 locis,
514 2705 628 2803 idque
642 2705 697 2775 ad
721 2698 919 2776 anteriora,
940 2703 1021 2773 Sed„
1040 2705 1093 2773 vi·

90 2823 204 2894 eissim
222 2822 354 2903 dexter
370 2821 528 2920 quidem
542 2821 763 2911 seeundum
781 2835 954 2893 naturam
968 2845 1011 2892 se
1030 2810 1093 2890 ba-

89 2936 185 3011 buit:
203 2940 345 3011 sinistri
367 2955 494 3012 autem
517 2963 604 3037 pars
621 2940 743 3010 multo
773 2939 895 3034 major
920 2938 1094 3011 morbida

89 3072 170 3129 erat.
189 3060 285 3129 Nam
303 3058 471 3154 primum
498 3058 668 3155 superior
692 3055 821 3145 lobus,
853 3055 1021 3153 alioquin
1041 3059 1096 3129 sie

84 3175 168 3247 satis
185 3199 317 3263 sanus,
334 3190 416 3247 tum
435 3177 617 3274 strigosus
636 3190 734 3262 erat,
760 3189 840 3245 tum
859 3175 900 3243 in
922 3196 1093 3266 summo,

88 3294 188 3387 quasi
204 3294 304 3363 intra
323 3291 590 3381 tuberculum,
609 3316 682 3389 pus
698 3291 828 3362 album
849 3292 1090 3364 continebat:

89 3431 165 3504 quae
179 3423 332 3498 tamen,
347 3425 390 3480 ut
407 3425 444 3480 et
460 3406 531 3481 illae
545 3423 602 3480 tot
610 3414 763 3506 tamque
772 3422 887 3479 arctae
899 3411 1096 3506 pulmonis

88 3523 227 3597 dexteri
244 3526 497 3625 alligationeS,
513 3527 710 3625 preteritis
731 3524 1096 3601 inflammationibus

86 3642 306 3715 ridebantur
322 3644 558 3742 imputanda.
573 3649 715 3716 Verum
731 3644 843 3717 lobus
858 3643 1015 3716 inferior
1030 3667 1102 3719 ru*

88 3755 198 3850 bens,
216 3761 354 3851 durus,
365 3765 487 3861 gravis
498 3762 689 3861 ,ejusque
700 3762 860 3851 densata¹
873 3762 1095 3851 substantia,

89 3889 123 3949 et
140 3878 179 3947 in
194 3879 388 3979 superiore
407 3894 513 3979 parte
532 3905 623 3977 pus,
642 3895 707 3959 aut
722 3881 811 3978 puri
830 3879 960 3951 similis
977 3895 1097 3950 mate-

92 3993 143 4065 ria
155 4019 225 4095 per
239 3994 516 4071 bronchiorum
533 3999 720 4072 sectiones
734 3995 914 4087 effluensp
931 4018 1094 4094 praesen-
