2774 4666
277 433 348 514 ποίῃ
441 452 487 497 na
514 449 657 497 samius
681 449 726 496 ar
750 448 872 496 caus1s
898 446 1106 496 nourouun

277 580 353 637 tem
373 562 461 635 anni
479 565 627 635 circiter
644 564 849 660 sexaginta,
866 577 1018 659 questus
1040 561 1087 634 ad
1106 583 1261 632 mensem

278 682 326 753 de
344 680 526 754 stomachi
543 682 617 752 sive
633 679 823 761 debilitate
840 679 1024 776 quadam,
1040 680 1115 750 sive
1130 678 1263 766 dolore,

278 823 356 895 quo
370 800 450 893 ejus
463 799 560 869 vires
579 796 673 868 adeo
693 795 999 883 infirmabantur,
1025 798 1124 867 utin
1144 795 1264 866 ambu-

278 914 417 984 latione
447 914 505 984 vel
532 913 638 984 brevi
669 914 801 1010 saepius
832 914 1024 1009 quiescere
1051 928 1268 1009 cogeretur3

277 1031 402 1127 quiete
416 1032 515 1101 enim
526 1030 738 1118 levabatur;
756 1054 842 1100 cum
856 1028 952 1101 forte
964 1029 1024 1101 die
1040 1046 1177 1127 quarto
1191 1043 1269 1126 post

278 1146 439 1244 primam
460 1147 554 1217 lunae
571 1147 694 1217 martii
709 1145 996 1244 quadraturam,
1009 1145 1121 1216 flante
1135 1161 1269 1232 austro,

278 1263 318 1332 in
337 1264 562 1359 amplissima
585 1263 731 1335 sederet
755 1264 909 1335 Basilica
936 1264 1061 1334 Sancti
1083 1262 1270 1348 Petronii,

221 1378 224 1386 ’
280 1394 433 1475 repente
451 1405 535 1450 cum
551 1379 746 1450 incondito
762 1378 928 1467 ululatu,
948 1394 985 1450 et
999 1378 1182 1476 peculiari
1192 1402 1273 1474 qua·

280 1495 366 1565 dam
384 1497 553 1593 corporis
568 1497 809 1566 contorsione
822 1496 964 1566 cecidit.
977 1496 1101 1565 Facies
1114 1495 1271 1565 multum

281 1610 440 1699 livebat,
459 1636 590 1709 spuma
608 1612 706 1682 circa
723 1634 766 1681 os
785 1627 883 1698 erat,
900 1636 945 1680 ex
966 1610 1050 1681 alvo
1070 1607 1176 1680 faeces
1190 1635 1273 1708 pro-

281 1727 429 1816 dibant,
444 1729 572 1811 nullus
585 1727 764 1799 edebatur
783 1743 918 1799 motus.
940 1730 1071 1824 Itaque
1088 1728 1188 1797 intra
1205 1726 1272 1797 ho-

279 1845 400 1916 rulam
411 1861 583 1916 mortuus
600 1860 663 1916 est.

328 1960 442 2032 Paulo
462 1977 547 2058 post
558 1976 720 2033 mortem
734 1959 844 2033 facies
854 1962 1039 2060 pallescit3
1051 1977 1179 2032 tamen
1192 1976 1275 2058 post

281 2077 394 2149 horas
411 2078 542 2175 viginti
558 2094 720 2175 quatuor
738 2079 987 2176 livorraliquis
998 2095 1078 2149 tum
1092 2098 1193 2176 pone
1212 2103 1277 2148 au-

281 2219 364 2282 res,
381 2210 461 2269 tum
481 2196 674 2267 nonnullis
686 2196 766 2267 aliis
784 2197 953 2292 corporis
972 2196 1200 2267 locisadhuc
1219 2220 1279 2292 ap·

281 2310 443 2407 parebat.
473 2316 569 2381 Dum
597 2337 616 2382 e
643 2315 772 2384 cranio
798 2312 995 2384 cerebrum
1027 2311 1275 2400 eximebatur,

282 2427 462 2501 mediocri
482 2453 607 2500 serum
636 2432 743 2526 copia
763 2429 895 2500 exibat.
917 2435 1012 2501 Vasa
1033 2426 1178 2500 cerebri
1193 2453 1278 2500 san-

281 2545 423 2643 guifera
443 2572 520 2617 non
544 2547 651 2617 valde
671 2547 835 2645 turgida:
855 2547 901 2618 ad
910 2546 1195 2619 *nonnullorum
1209 2571 1276 2616 au-

280 2677 356 2732 tem
376 2663 471 2734 latus
492 2679 570 2735 erat
593 2665 783 2735 concretio
798 2667 870 2737 seri
882 2667 1104 2762 gelatinosa·
1122 2665 1277 2741 Meninx

280 2782 403 2851 tenuis
425 2779 530 2852 facile
548 2782 796 2878 separabatur.
823 2783 1028 2854 Cerebrum
1046 2785 1274 2853 ‘universum

280 2897 387 2967 valde
405 2896 626 2988 flaccidum,
646 2914 683 2970 et
699 2900 826 2971 colore
851 2901 956 2997 quasi
976 2899 1113 2987 diluto,
1128 2900 1169 2968 in
1186 2899 1275 2968 late-

280 3013 420 3085 ralibus
439 3017 656 3089 ventriculis
680 3042 804 3089 serum
824 3016 986 3087 hahebat
1005 3017 1113 3112 copia
1132 3016 1195 3107 vin
1213 3038 1277 3083 no
1354 3076 1357 3081 ,

279 3139 360 3201 tatu
379 3129 506 3227 digna,
526 3157 657 3230 sapore
670 3150 795 3205 autem
809 3134 915 3205 salso.

304 3304 306 3313 s
327 3246 494 3318 Thorace
508 3265 656 3347 aperto,
666 3251 863 3347 pulmones
876 3251 1068 3346 conspecti
1078 3248 1276 3345 suntquasi

280 3378 488 3435 atramento
508 3366 638 3455 tincti;
659 3393 679 3436 a
697 3367 828 3463 pleura
841 3381 967 3437 tamen
983 3365 1103 3436 soluti.
1121 3370 1165 3455 lu
1182 3366 1275 3463 peri·

280 3479 406 3551 cardio
417 3507 503 3552 cum
514 3484 613 3578 justa
625 3508 729 3579 aquae
742 3484 926 3579 copia'cor
939 3482 1155 3569 flaccidum,
1168 3481 1274 3552 nihil-

279 3623 356 3693 que
385 3598 424 3668 in
451 3598 561 3693 hujus
591 3599 809 3670 ventriculis
841 3599 1082 3670 adnotatione
1108 3599 1275 3695 dignum.

222 3782 229 3791 ,
279 3708 400 3811 Prope
414 3715 538 3812 ipsum
559 3716 692 3785 arteria
705 3739 839 3813 magna
853 3717 1058 3787 nonnullas
1069 3716 1192 3786 osseas
1206 3714 1276 3784 exi·

280 3855 369 3926 guas
380 3829 543 3901 habebat
556 3856 780 3927 squammas.
1037 3844 1041 3849 '

329 3945 359 4017 5.
381 3953 561 4020 Ventrem
573 3973 652 4019 uon
664 3930 827 4048 inspexit
840 3949 1032 4036 Valsalva‚
1053 3947 1168 4020 credo
1188 3948 1273 4044 quia
1366 4009 1368 4013 ,
