2862 4668
275 511 325 557 nr
358 509 531 558 oreaurr
562 509 588 558 r.
622 509 651 556 r.
686 499 928 561 nunciam.
1060 489 1106 563 25

151 623 301 712 Quanta
327 614 654 722 autemsdig'nitate
671 626 823 698 qi'veret
848 626 1003 715 Pataui,
1026 626 1106 699 haec

105 756 188 811 sunt
210 734 375 812 'indicias
392 743 481 837 Ejus
498 743 626 814 schola
645 768 688 814 ac
709 743 845 816 domus
861 744 988 816 floruit
1007 768 1105 818 sem-

104 881 170 954 per
187 858 387 930 nobilitate
413 884 455 931 ac
479 858 689 958 irequentia
715 862 1009 960 discipulorum,
1032 888 1103 935 nec

103 990 271 1072 unquam
288 977 545 1074 praelectiones
569 980 954 1052 demonstrationesve
971 980 1106 1051 habuit

103 1095 353 1184 anatomicos,
371 1097 462 1194 quin
477 1108 635 1195 magnus
653 1097 700 1171 ad
721 1123 806 1169 eum
822 1100 991 1168 omnium
1009 1099 1105 1169 ordi·

102 1235 190 1280 num
200 1213 449 1310 omniumque
460 1229 610 1286 aetatum
623 1214 729 1287 fieret
738 1238 957 1288 concursus.
970 1216 1104 1287 Nullus

98 1328 156 1399 vel
176 1321 610 1412 mediocrittruruditus
630 1332 729 1404 hanc
748 1328 874 1404 adibat
894 1334 1101 1421 civitatem,
1118 1368 1121 1371 ‘

101 1447 163 1542 qui
175 1450 431 1519 Moucsuurur
442 1444 570 1521 ridere
576 1454 588 1537 ,f
599 1449 720 1539 adire,
733 1451 874 1548 alloqui
884 1452 1101 1548 praetermit-

99 1577 194 1634 teret
209 1588 351 1653 3-nemo
366 1568 457 1636 vero
477 1565 622 1665 abipso
643 1590 813 1663 unquam
830 1565 1018 1653 discessit,
1034 1566 1101 1663 qui

100 1702 176 1750 non
193 1702 326 1778 parem
349 1676 436 1777 ejus
447 1682 670 1755 humanitati
689 1708 732 1755 ac
752 1683 931 1754 doctrinae
952 1681 1100 1753 laudem

98 1795 342 1868 tribuendam
363 1820 442 1870 esse
455 1787 692 1894 judicaverit.
715 1800 843 1871 Plures
862 1799 1023 1870 viatores
1039 1822 1102 1868 an·

7 1958 8 1961 =
96 1913 176 2010 glos
188 1910 399 2011 pracsertim
414 1917 527 2002 noui,
546 1916 611 2011 qui
623 1906 800 1986 deltalia
817 1914 993 2004 reduceS,
1009 1898 1110 2004 laetiq

95 2046 130 2100 et
144 2047 250 2127 grate
265 2026 783 2126 memoresnuurabantquam
792 2031 1100 2102 humaniterillos

95 2142 350 2245 ercepdratct
369 2162 553 2244 quantum
571 2166 617 2218 ex
635 2147 736 2219 illius
752 2147 951 2245 colloquiis
968 2148 1101 2234 doctis,

93 2266 227 2353 variis,
240 2264 420 2360 jucundis
435 2263 682 2362 profecerant.

142 2385 368 2480 Quanquam
378 2398 521 2472 autem,
538 2397 704 2481 utsupra
714 2382 1014 2454 demonstratum
1025 2392 1099 2465 est,

94 2501 189 2573 illud
209 2502 245 2572 ei
265 2524 286 2571 a
304 2506 459 2597 Vepeto-
475 2494 631 2591 senatu,
654 2527 725 2600 pro
752 2524 911 2571 munere
936 2492 1100 2571 docendi
1134 2505 1137 2513 '

92 2608 287 2691 decretum
301 2616 370 2690 suit
384 2616 630 2716 stipendium,
646 2618 752 2717 quod
766 2620 909 2690 nemini
926 2628 1097 2715 unquam

43 2725 56 2803 ,ἶ
93 2736 337 2823 concessum,
355 2762 434 2807 non
455 2738 657 2835 propterea
677 2753 803 2808 tamen
817 2738 950 2806 timere
967 2733 1099 2805 debuit

45 2904 48 2911 κ
93 2857 334 2953 reliquoruma
356 2851 615 2953 professorum
642 2851 1004 2938 aut‘offensiouem,
1034 2864 1100 2920 aut

45 3012 46 3023 κ
93 2973 291 3061 invidiam
317 2994 403 3044 cum
423 2966 533 3042 ‘inter
549 2972 628 3043 ‘hos
648 2971 775 3042 nullus
801 2984 899 3041 esset
926 2969 991 3066 qui
1017 2968 1098 3063 ejus

94 3092 221 3188 gloriae'
237 3088 444 3188 plurimum
473 3114 552 3160 non
574 3089 723 3161 lavaret.
751 3090 935 3178 Quintum
960 3090 1096 3157 Praeses
1161 3107 1163 3112 ·

94 3208 241 3306 collegii
261 3209 691 3306 Veneti-gymnasiastici
706 3205 794 3295 fuit,
809 3230 892 3303 quae
912 3217 1096 3302 potestas,

93 3348 307 3422 quanquam
326 3324 472 3422 legibus
489 3341 639 3396 cautum
656 3316 763 3396 sitne
774 3323 873 3394 ultra
890 3321 1099 3391 triennium

92 3441 224 3531 duret,
245 3442 361 3513 semel
377 3457 502 3513 tumen
523 3444 564 3513 ei·
574 3441 621 3512 ad
636 3442 880 3540 ‘septennium
893 3455 1101 3536 prorogata

95 3576 155 3631 est.
175 3553 266 3630 Jurc
277 3560 397 3655 igitur
414 3561 446 3630 is
464 3558 634 3649 dicebat,
651 3583 690 3630 se
705 3559 745 3628 in
762 3557 899 3629 summi
919 3554 1094 3626 beneficii
1129 3548 1138 3564 ⁸
1166 3552 1169 3559 ’

94 3676 186 3748 ΙοοοΔ
202 3691 348 3776 ponere
373 3675 476 3772 quod
502 3678 541 3746 in
570 3693 652 3748 eam
681 3676 867 3746 civitatem
895 3687 1093 3770 cooptatus

91 3809 183 3865 esset
200 3819 227 3864 a·
242 3789 446 3890 qua2‚··qua²
470 3790 551 3864 dari
577 3794 739 3864 maxima
766 3804 961 3888 poterant,
988 3810 1094 3860 accc-

93 3904 824 4008 pissetornarueuta,1quodq11edocendi
838 3928 946 3977 causa
959 3908 998 3975 in
1010 3926 1091 3975 eam

91 4051 127 4098 se
149 4022 589 4105 contulisset·civitatem
607 4052 689 4126 quae
715 4041 756 4110 et
790 4024 1021 4096 humanitate
1054 4030 1098 4091 'et
