2780 4666
303 416 372 489 322
469 416 516 487 bs
542 436 687 491 sturnus
713 439 758 485 nr
783 437 920 521 csusrs·
936 436 1148 488 uursonuu

298 549 524 633 avermibus
534 547 681 625 affectio
693 551 858 649 puellam
874 552 1023 627 sustulit
1034 544 1304 627 undseenuem.

299 670 357 744 Ab
372 669 503 759 eadem
525 684 650 741 autem
668 693 777 743 causa
794 670 854 743 vel
868 671 969 745 viros
993 670 1304 768 gravibusinter·
1378 690 1379 709 ¹

300 789 392 861 dum
410 786 612 886 soporibus
633 788 765 885 premi.
784 786 997 859 Ballonium
1019 786 1161 860 ibidem
1181 790 1241 887 (ι)
1256 790 1305 859 in·
1378 870 1379 877 ἵ

298 907 489 983 dicantem
504 906 682 1001 reperies.
704 904 777 982 Sed
791 927 878 1004 age:
893 902 990 976 febri
1003 907 1144 1004 pariter
1155 908 1306 1005 maligni
1377 926 1379 949 ³

296 1023 448 1121 generis
467 1022 796 1120 supervenientem
809 1018 1070 1110 affectionem,
1086 1047 1171 1121 quae
1186 1024 1240 1095 ad
1256 1048 1304 1095 ca.
1378 1014 1379 1079 ἶ

295 1165 387 1217 rum
402 1136 534 1213 reterri
550 1151 700 1236 poterat
710 1137 916 1211 videamus.

348 1279 381 1361 4.
410 1272 608 1347 Mulierem
631 1292 753 1339 annes
770 1284 895 1340 natam
919 1270 969 1340 ad
984 1273 1118 1369 viginti
1135 1276 1304 1371 quinque

295 1389 464 1487 maligna
493 1383 608 1457 febris
628 1384 901 1483 prehenderat,
932 1410 1022 1467 eum
1058 1390 1246 1463 surditate
1271 1394 1303 1463 in

295 1504 497 1608 principio.
516 1503 585 1575 Die
601 1501 748 1581 decimo
761 1505 923 1602 septimo
934 1530 1143 1604 soporosus
1155 1511 1303 1582 accessit
1378 1572 1379 1589 ,

298 1623 477 1697 affectus:
503 1621 571 1719 qui
595 1619 690 1690 adeo
709 1621 832 1718 grauis
854 1617 976 1693 fectus
996 1636 1070 1713 est,
1087 1638 1132 1696 ut
1147 1626 1302 1703 iuterrn
1378 1652 1379 1717 j

300 1758 383 1842 gata
398 1764 495 1838 segra
511 1761 635 1836 neque
650 1737 785 1809 ocules
802 1739 985 1836 aperiret,
1005 1765 1132 1839 neque
1149 1742 1302 1817 tillires
1378 1718 1379 1807 l

299 1857 498 1960 ponderet.
753 1862 758 1866 ’
1114 1885 1119 1893 ’

349 1979 508 2047 Mortuae
533 1969 734 2043 cerebrum
758 1971 956 2045 inventum
982 1988 1041 2045 est
1066 1979 1233 2054 sesninc
1256 2004 1302 2052 ss.

300 2117 417 2180 uum,
443 2110 599 2188 parvam
618 2086 801 2167 duntaxat
822 2090 897 2161 seri
926 2090 1093 2190 sepiam,
1115 2093 1218 2167 dum
1237 2097 1303 2168 exi·

299 2223 488 2294 merebar,
506 2232 575 2306 per
586 2204 873 2283 infirndibulurn
883 2210 1070 2281 emiserat.
1083 2214 1129 2282 Iu
1140 2215 1303 2314 tympani

302 2342 429 2399 autern
441 2350 573 2412 cavea,
593 2339 631 2397 et
650 2326 832 2423 praxinus
852 2326 1140 2402 sinuositatibus
1168 2333 1302 2405 saetosa

302 2446 425 2516 iuerat
438 2444 606 2517 materia.

352 2576 384 2648 5.
411 2575 617 2647 Surditstes
629 2575 673 2644 iu
691 2574 810 2646 acutis
822 2573 967 2647 morbis
982 2582 1304 2675 supervenientes,

299 2719 395 2793 saepe
412 2694 599 2763 invenisse
611 2690 823 2763 Valsalvam
841 2717 929 2764 eum
949 2680 1047 2790 ,aqud
1068 2695 1110 2765 iu
1129 2711 1302 2798 tympano

299 2809 539 2886 redundante
551 2808 794 2904 conjunctas,
811 2832 832 2878 a
853 2833 915 2881 me
930 2808 1021 2880 alibi
1034 2811 1088 2908 (α)
1103 2814 1302 2886 iudicatum
1377 2802 1378 2879 l

303 2948 369 3005 est.
390 2934 475 3001 Haec
492 2942 616 2999 autem
634 2941 671 2998 et
685 2950 762 2996 una
778 2951 866 2998 cum
878 2924 986 3000 febre
1002 2932 1218 3028 inceperat,
1237 2947 1304 3004 eta
1377 2910 1378 2917 ἵ

303 3050 407 3125 sanie
424 3061 512 3119 erat.
533 3051 651 3117 Porro
666 3045 706 3115 iu
724 3044 1020 3145 lethargicomm
1042 3048 1231 3145 capitibus
1244 3049 1303 3119 ali-

307 3164 463 3269 quando
477 3188 549 3262 pus
561 3166 703 3250 inesse,
723 3177 760 3234 et
784 3179 955 3236 veterum
969 3163 1125 3237 illorum
1140 3165 1196 3264 (3)
1220 3168 1302 3239 doc·

306 3284 408 3356 trina
422 3281 587 3369 indicat,
611 3281 678 3378 qui
703 3279 917 3380 lethargum
936 3280 978 3355 in
995 3278 1143 3354 cerebri
1165 3283 1303 3356 inflam-

305 3402 492 3488 matione,
507 3413 620 3497 atque
632 3413 863 3497 apostemate
877 3399 1094 3499 ponebant,
1117 3417 1155 3475 et
1166 3424 1302 3503 propo·

346 3761 391 3840 (ι)
412 3763 448 3818 In
466 3753 567 3816 Schol.

347 3860 392 3939 (α)
411 3860 505 3935 Epist.
521 3861 609 3915 Anat.
625 3877 660 3928 7,
674 3878 706 3913 u.
722 3858 751 3915 6.

348 3962 391 4040 (3)
411 3960 480 4019 Vid.
498 3959 579 4036 apud
596 3958 733 4019 Senuert.
750 3959 859 4017 Medic.
872 3964 967 4019 Prsct.
981 3963 1000 4018 1.
1011 3981 1044 4031 e,
1055 3981 1088 4037 ps
1104 3981 1136 4033 n,
1152 3980 1177 4018 e.
1188 3978 1238 4016 nn.
