2782 4668
321 429 392 518 432
488 451 535 497 nr
562 449 708 497 sautans
732 450 776 496 rr
801 446 926 497 causis
950 450 1163 500 uoaaoauu

321 567 444 637 multo
460 564 697 636 verisimilius
711 578 767 634 est
786 563 1045 660 spectantibus
1056 566 1149 663 quid
1163 568 1319 665 plerum·

323 708 399 780 que
420 683 464 755 iis
486 680 631 752 accidat
651 681 716 776 qui
743 695 829 777 post
852 704 1022 753 morsum
1044 684 1149 755 nulla
1177 710 1322 783 praeser·

322 815 435 872 vante
454 800 647 871 curatione
671 812 854 887 utuntur,
872 800 1013 888 multo,
1042 801 1221 899 inquam,
1239 805 1323 875 veri-

325 917 482 988 similius
500 940 545 986 ex
568 916 778 987 innumeris
791 916 856 1013 qui
871 919 1065 990 curatione
1079 919 1262 991 alterutra
1273 922 1325 992 usi

325 1032 632 1130 hydroplrobiam
656 1029 889 1129 effugerunt,
904 1033 1106 1135 plerosque
1122 1035 1193 1106 hac
1213 1038 1324 1107 corri-

325 1153 485 1251 piendos
495 1149 627 1237 fuisse,
640 1151 680 1220 ni
688 1173 756 1248 por
765 1153 999 1223 curationem
1010 1153 1246 1226 avertissent.
1264 1159 1325 1227 ea

325 1285 452 1342 terum
476 1269 551 1340 illis
578 1269 690 1339 etiam
716 1292 799 1364 quae
824 1286 1124 1342 commemoratas
1158 1273 1325 1359 sunt,in

326 1413 458 1460 morsu
488 1384 755 1471 varietatibus,
780 1411 859 1457 non
885 1387 1002 1458 modo
1018 1389 1128 1460 variis
1146 1387 1332 1461 duntaxat

326 1506 366 1578 id
390 1503 588 1576 mordente
610 1526 702 1572 cane
723 1524 927 1598 morsuque
941 1501 1098 1575 homine
1110 1503 1326 1593 fluidarum,

326 1623 598 1718 firmorumque
606 1619 769 1717 partium
781 1617 1327 1721 dispositionibusegoquidem

327 1741 491 1813 libenter
519 1752 577 1810 tot
603 1736 667 1808 illa
695 1735 894 1807 tribuerim
919 1738 1060 1835 quibus
1083 1738 1328 1839 hydrophobi

329 1856 509 1930 differunt
525 1858 625 1926 inter
642 1879 700 1942 se,
715 1869 757 1926 ut
774 1856 883 1927 citius
898 1857 978 1946 alii,
995 1858 1057 1929 alii
1073 1860 1189 1930 serius
1211 1885 1329 1933 eruar

328 1992 442 2076 pente
455 1973 591 2046 morbo
607 1974 889 2071 opprimantur,
907 1989 945 2047 et
958 2002 1003 2048 ex
1012 1979 1178 2075 utrisque
1187 1977 1261 2049 alii
1275 1979 1328 2049 ali·

329 2110 398 2165 ter.
418 2098 510 2164 Sunt
530 2096 631 2164 enim
646 2093 712 2189 qui
730 2091 976 2165 vehementer
993 2092 1172 2183 delirent,
1189 2111 1236 2167 et
1254 2109 1330 2168 sunt

332 2213 399 2309 qui
428 2210 474 2281 ad
498 2226 706 2283 extremum
727 2234 846 2306 usque
868 2212 1006 2282 mentis
1026 2211 1099 2283 sint
1123 2229 1328 2310 compotes.

331 2331 428 2401 Sunt
448 2306 660 2425 qui'lucida
681 2342 718 2398 et
743 2325 923 2414 candida,
939 2343 1004 2399 aut
1022 2330 1088 2425 qui
1108 2328 1168 2398 vel
1188 2327 1330 2402 levissi·
1388 2334 1389 2417 l

329 2470 437 2517 mum
454 2448 549 2518 aeris
565 2459 712 2515 motum
725 2442 821 2517 ferre
838 2469 917 2514 non
936 2447 1149 2541 possint,et
1168 2461 1265 2518 sunt
1274 2447 1329 2543 qui

328 2566 485 2664 possint.
504 2570 556 2635 Ac
567 2589 615 2635 ne
629 2562 755 2632 omnia
776 2585 859 2658 quae
877 2585 990 2658 supra
1005 2564 1174 2650 narravi,
1192 2580 1264 2635 aut
1279 2589 1329 2635 re·

328 2683 420 2771 tuli,
436 2681 499 2754 hic
529 2694 718 2778 repetam,
732 2677 875 2750 nedum
897 2680 967 2749 alia
984 2679 1140 2766 addam;
1164 2697 1261 2752 sunt
1275 2680 1329 2778 qui

329 2802 504 2899 potiones
526 2795 816 2895 cujusquemodi
835 2820 954 2894 usque
976 2796 1070 2867 adeo
1086 2796 1274 2887 horrent,
1295 2810 1328 2868 ut

328 2942 409 2988 non
425 2916 542 2987 modo
558 2917 589 2987 si
606 2914 788 3001 viderint,
807 2914 873 2984 sed
895 2915 926 2985 si
945 2916 1135 2985 nominari
1153 2913 1328 2986 duntaxat
1386 2958 1387 2983 2

329 3034 503 3122 audiant,
517 3033 749 3120 exclament,
766 3045 944 3120 tremant,
957 3032 1245 3122 convellantur,
1261 3032 1327 3103 ani·

329 3176 469 3248 moque
490 3150 675 3223 deficiant.
695 3152 785 3239 Quae
804 3151 951 3222 tametsi
966 3151 1006 3219 in
1023 3148 1202 3246 pluribus
1223 3149 1326 3235 fiant,

328 3285 454 3342 tamen
464 3285 612 3341 tantum
623 3267 726 3339 abest
741 3266 930 3338 utfiantin
940 3267 1140 3353 omnibus,
1157 3265 1327 3366 quemad·

329 3387 486 3457 modum
517 3387 571 3457 illi
596 3384 774 3456 videntur
799 3384 973 3472 credere,
992 3386 1059 3482 qui
1082 3384 1122 3455 id
1145 3409 1225 3458 esse
1244 3408 1327 3455 con-

328 3503 492 3578 tendunt
502 3501 776 3601 hydrophobia
784 3504 932 3600 signum
932 3502 1326 3601 patbognomonicum

329 3639 372 3695 ut
388 3623 543 3694 minime
561 3621 685 3693 desint
698 3619 944 3718 hydrophobi
961 3620 1029 3716 qui
1043 3620 1175 3690 vinum
1182 3618 1327 3704 bibant,

330 3765 400 3813 nec
422 3741 489 3838 qui
505 3739 553 3810 ad
570 3764 675 3836 aquae
696 3738 929 3810 mentionem
943 3763 1021 3808 non
1038 3736 1161 3808 solum
1178 3759 1259 3805 non
1276 3757 1328 3804 co·

328 3858 531 3946 horreant,
546 3857 610 3928 sed
626 3859 666 3927 in
684 3854 864 3927 balneum
883 3856 937 3925 ire
948 3855 1067 3951 jussi,
1093 3854 1277 3925 continuo
1290 3850 1328 3920 il·

329 3976 392 4049 luc
422 3978 478 4049 ire
508 3976 691 4073 incipiant
717 3974 778 4046 vel
802 3972 937 4047 morbo
958 3973 1036 4067 jam
1060 3972 1220 4042 multum
1248 3991 1330 4067 pro·
