2784 4668
236 486 306 536 aas.
332 486 359 535 r.
386 480 913 551 nuuoaarsasrrrrs,sr1sr.
941 488 966 535 1.
1050 461 1096 566 87

96 602 252 672 servavit
266 605 677 700 posteaVarmsnrmus
687 599 751 698 (ι).
765 599 837 673 Sed
849 599 897 673 ad
907 599 1100 676 dissertio-

96 740 160 789 nes
175 718 386 790 redeamus.
510 764 512 769 »
537 714 547 753 a
895 722 900 729 ‘

144 856 199 905 ra.
236 833 543 923 adolescentula,
575 835 781 933 epileptica
805 829 900 925 filia,
924 839 1102 935 pauperis

95 976 208 1039 uxor,
221 949 699 1024 cumlebruariomenseer
713 953 845 1025 itinere
857 951 1102 1028 vehementer

94 1069 328 1163 incaluisset,
342 1092 482 1166 magno
497 1070 629 1166 capitis
644 1068 795 1157 dolore,
811 1083 849 1141 et
869 1064 977 1142 acuta
996 1067 1103 1145 febre

96 1199 269 1282 correpta
285 1199 351 1258 est·
375 1187 458 1274 llis,
477 1185 561 1266 sine,
572 1183 725 1275 delirio,
742 1187 875 1284 saepius
897 1188 1118 1279 taciturna,

93 1305 191 1373 intra
198 1301 376 1373 triduum.
383 1315 448 1372 aut
460 1300 705 1399 quatriduum
718 1317 913 1401 perempta
929 1318 994 1376 est.
1005 1308 1101 1377 Cum
1139 1366 1141 1370 .

93 1419 268 1507 lactaret,
284 1432 399 1515 atque
412 1419 452 1489 in
467 1419 670 1490 menstruis
678 1433 810 1505 ,tamen
825 1433 940 1509 esset,
955 1420 1102 1493 tamdiu
1171 1450 1173 1463 ¹

94 1534 318 1607 distulerant
335 1532 674 1624 venae'settlouem,
686 1549 733 1607 ut
740 1535 907 1633 denique
922 1554 1009 1607 oum
1022 1561 1103 1636 gra·

92 1654 175 1723 vius
191 1674 231 1723 se
249 1650 423 1741 habenti,
440 1653 661 1724 arteriarum
676 1666 803 1724 tamen
819 1653 932 1751 pulsu
945 1651 1106 1729 viribus·

93 1792 167 1866 que
184 1767 464 1857 constantibus,
484 1768 694 1866 sanguinis,
722 1770 791 1867 qui
815 1792 907 1840 mon
929 1768 1101 1873 impense

94 1887 307 1976 concrevit,
324 1885 498 1958 selibram
513 1886 643 1985 apede
653 1888 859 1976 misissent,
877 1884 1034 1960 fortuito
1044 1908 1105 1959 au·

93 2004 228 2077 uiderit
239 2018 283 2075 ut
301 2005 709 2102 protinusmoreretur.

139 2127 264 2220 Caput
279 2122 320 2191 in
333 2120 540 2210 theatrum,
553 2136 598 2195 ut
609 2122 691 2218 ejus
697 2121 789 2191 anni
799 2121 891 2217 1738
899 2137 1101 2197 anatomen

93 2237 348 2328 absolverem,
369 2258 449 2311 nou
465 2254 597 2312 catera
622 2260 800 2337 quoque,
817 2250 862 2312 ut
881 2238 1102 2338 cupiebam,

92 2357 249 2429 allatum
266 2371 334 2429 est.
351 2355 527 2431 calvaria
541 2357 700 2428 interior
715 2353 826 2427 facies
846 2378 892 2428 ex
911 2354 1104 2431 subrubeo

91 2473 215 2563 luam
235 2475 399 2546 exterior
414 2488 540 2546 autem
557 2470 871 2571 saciesmeuingis
886 2475 1103 2573 tenuisque

93 2616 301 2692 supernam
310 2589 505 2689 operiebat
512 2589 658 2664 cerebri
669 2604 833 2689 partera,
845 2593 1000 2665 materia
1014 2614 1106 2690 qua·

94 2710 180 2785 dam
198 2724 282 2783 erat
302 2708 439 2797 oblita,
456 2731 536 2780 non
553 2708 672 2781 multa
688 2704 862 2805 quidem,
877 2706 942 2779 sed
956 2709 1104 2805 aequali·

94 2843 151 2901 ter
171 2828 322 2926 ubique
342 2825 455 2898 dueta
477 2823 663 2913 suhssava,
696 2824 958 2913 crassiuscula,
982 2849 1102 2923 eaque

94 2949 258 3018 omuino
274 2946 416 3044 speeie,
427 2959 471 3017 ut
482 2943 655 3043 quamvls
666 2933 826 3014 inodora
840 2954 953 3030 esset,
971 2958 1106 3042 pueta-

92 3088 183 3138 men
200 3077 240 3136 et
256 3062 388 3152 nobis,
402 3077 440 3137 et
454 3064 500 3135 iis
516 3063 583 3160 qui
599 3060 775 3151 aderant,
787 3059 961 3150 medicis,
977 3074 1015 3134 et
1029 3059 1107 3133 chi·

93 3184 221 3283 rurgis
240 3203 319 3254 esse
334 3180 538 3253 videremr.
558 3185 701 3253 Verum
715 3200 847 3278 neque,
863 3179 903 3249 in
922 3181 1109 3278 meningi·
1136 3168 1139 3171 ¹

93 3299 185 3389 bus,
202 3320 333 3395 neque
346 3295 579 3387 iuoerebro,
594 3296 700 3394 quod
711 3294 867 3369 decolor
880 3294 969 3386 fuit,
981 3290 1105 3370 ullum

93 3440 260 3516 usquam
275 3416 430 3504 vitium,
441 3414 610 3488 ullumve
627 3415 754 3485 locum
766 3413 870 3486 unde
889 3436 933 3485 ea
949 3410 1107 3513 prodiis-

96 3550 149 3607 set
165 3534 324 3606 materia
342 3534 535 3631 potuimus
546 3530 729 3605 invenire.

148 3652 205 3726 13.
233 3652 271 3721 Si
285 3674 358 3749 pus
375 3648 463 3740 fuit3
480 3674 529 3721 an
544 3675 590 3721 ex
606 3649 677 3721 alia
695 3649 820 3746 aliqua
835 3649 1007 3746 corporis
1019 3646 1106 3721 sede

135 4008 179 4087 (1)
199 4010 279 4086 Eph.
297 4010 335 4066 Ν.
350 4010 385 4103 C·¹
399 4020 476 4068 eant.
496 4008 529 4083 5,
542 4010 610 4068 obs.
624 4030 653 4083 7.
