2774 4670
201 470 267 515 mn.
296 469 320 514 1.
349 467 395 515 nr
422 466 936 531 irona1scar1r1s,rr1sr.x.
1001 443 1071 518 523

60 582 134 657 alia
162 580 213 653 ab
231 581 313 653 aliis
327 579 515 669 indicata,
542 572 765 677 imponebat
791 580 981 668 remedia3
1009 582 1075 654 sed

60 698 280 787 incassum,
314 723 401 768 nam
436 698 554 795 magis
585 699 801 795 magisque,
837 689 1077 796 quantumvis

63 817 233 903 sensim,
250 831 378 891 tumor
397 814 607 903 crescebat,
627 831 669 886 ut
682 815 858 889 nonnihil
874 817 999 912 jamin
1012 818 1079 889 du·
1106 885 1111 891 .

65 934 198 1007 cendo
234 935 368 1032 spiritu
401 933 712 1008 incommodaret.
743 938 957 1006 Accesserat
993 951 1079 1007 ante

68 1051 352 1148 quinquaginta
369 1050 449 1123 dies
466 1051 505 1121 in
518 1049 683 1122 thoracis
700 1051 883 1124 vertebris
895 1048 1081 1124 inferiori·

66 1166 142 1242 bus
159 1168 273 1240 dolor
283 1171 394 1266 qnasi
408 1194 428 1239 a
447 1193 489 1240 re
501 1183 677 1268 gravante
695 1168 806 1241 simul
821 1183 857 1240 et
866 1185 1080 1267 pungente,

70 1287 138 1382 qui
160 1284 275 1356 dolor
294 1285 484 1357 interdum
501 1283 589 1357 binc
606 1284 653 1356 ad
670 1284 839 1372 lumbos,
855 1284 943 1357 inde
953 1284 999 1357 ad
1010 1309 1084 1356 sca·

72 1400 186 1499 pulas
216 1403 514 1476 extendebatur:
537 1402 702 1474 cumbis
731 1419 809 1479 erat
825 1401 1024 1490 lassitudo,
1047 1416 1084 1472 et

74 1521 196 1593 totius
215 1521 386 1620 corporis
413 1519 619 1593 infirmitas.
647 1527 742 1593 Ante
762 1518 937 1595 undecim
960 1535 1084 1591 antem

75 1637 158 1712 dies
173 1654 276 1712 totns
290 1655 393 1712 artus
410 1636 566 1711 inferior
585 1638 715 1711 dexter
739 1652 893 1736 stupore
916 1636 1085 1736 preben-

77 1756 204 1846 ditur,
229 1771 267 1828 et
288 1782 375 1828 mox
391 1758 611 1854 priusquam
641 1755 785 1853 aliquid
807 1753 941 1829 *afferri
968 1755 1086 1853 possit

78 1874 228 1964 auxilii,
246 1899 448 1947 nervorum
461 1873 713 1958 resolutione,
728 1874 781 1944 sic
796 1888 930 1945 tamen·
945 1888 988 1943 ut
1007 1896 1087 1942 mo·

80 1991 196 2065 vendi
211 1995 345 2090 magis,
363 2014 477 2089 quam
487 1991 694 2078 sentiendi,
710 1988 865 2066 facultas
881 1990 1091 2087 intercipia-

82 2124 152 2179 tur.
182 2110 325 2180 Triduo
358 2125 444 2207 post
475 2110 587 2181 urina
615 2107 723 2180 reddi
750 2133 830 2179 non
855 2122 1023 2206 poterat,
1050 2121 1093 2177 ut

83 2250 200 2297 manu
208 2228 356 2297 emoliri
365 2210 516 2299 necesse
527 2225 656 2299 luerit:
675 2225 780 2324 quod
793 2227 926 2324 primis
937 2225 1092 2322 quidem

84 2345 264 2416 successit
292 2343 441 2431 diebus,
467 2344 532 2416 sed
556 2360 686 2443 postea
716 2358 780 2416 aut
809 2344 905 2417 nihil
934 2344 1091 2415 omnino

86 2459 340 2550 educebatur,
356 2476 420 2532 aut
440 2461 626 2559 siquando
641 2462 775 2532 lotium
794 2486 863 2558 per
878 2475 1092 2559 argenteam

88 2574 253 2650 fistulam
267 2577 454 2677 profluere
472 2602 558 2649 cum
573 2580 718 2676 impetu
734 2580 946 2675 inceperat3
971 2577 1093 2675 proti-

88 2720 160 2768 nus
174 2699 281 2794 quasi
295 2721 336 2767 re
344 2697 469 2793 aliqua
483 2697 676 2794 opposita,
695 2694 939 2783 subsistebat;
955 2709 992 2766 et
1005 2719 1093 2765 sane

91 2828 300 2886 extremum
322 2810 453 2886 fistulae
472 2838 603 2884 cavum
623 2812 990 2886 animadvertebatur
1008 2836 1094 2881 mu-

91 2953 180 3002 coso
200 2931 390 3029 quodam,
407 2928 580 3031 eQrme
606 2931 811 3029 purulento
837 2930 997 3001 humore
1025 2931 1097 2998 im-

93 3047 274 3141 peditum.
289 3048 558 3121 Animadversa
571 3073 725 3145 quoque
736 3045 884 3119 fuerant
896 3045 992 3135 du0,
1010 3070 1097 3117 cum

94 3167 259 3258 primum
269 3165 394 3237 fistula
406 3167 571 3239 immissa
583 3181 659 3253 est,
673 3167 852 3250 alterum,
870 3189 947 3237 esse
958 3162 1100 3261 aliquid

97 3304 214 3381 prope
233 3285 406 3354 vesicam·
423 3284 527 3381 quod
554 3281 686 3355 fistulae
708 3282 885 3355 nonnihil
910 3282 1099 3370 obstaret3

97 3397 275 3489 alterum,
291 3401 479 3505 abdomen
494 3403 713 3475 universum
726 3417 889 3489 tumere,
900 3402 1101 3472 incertum·

98 3536 171 3609 que
190 3533 270 3588 erat
283 3535 426 3616 quanto
440 3533 558 3590 antea.
571 3517 726 3589 sitiebat
738 3542 835 3615 aeger
854 3546 861 3587 :
880 3533 1014 3589 etcum
1024 3517 1100 3613 jam

78 3652 174 3723 ,prce
204 3633 307 3707 dorsi
335 3635 468 3709 dolore
493 3637 618 3732 jacere
647 3662 727 3709 non
754 3651 901 3736 posset;
925 3637 957 3707 si
978 3636 1102 3730 jacere

103 3769 322 3842 conaretur,
341 3755 462 3826 multo
482 3756 623 3850 majore
643 3779 728 3826 cum
748 3752 969 3825 difficultate
985 3751 1103 3848 spira·

103 3859 184 3936 bat:
203 3894 311 3941 crura
324 3886 470 3959 tamen,
484 3887 521 3944 et
533 3871 649 3971 pedes
665 3871 762 3943 nihil
776 3868 982 3943 tumebant.
999 3870 1104 3940 Inter

104 3974 180 4055 haee
198 4001 379 4084 torquere
400 4006 598 4089 coeperunt
616 3991 855 4087 superiorum
869 4002 1040 4073 artuum,
1069 3998 1106 4056 et
