2780 4666
291 423 359 495 312
453 447 499 492 nn
525 406 669 497 senous
694 447 738 493 nr
763 442 885 494 causts
910 446 1116 495 nonnonun

289 572 366 647 rat,
381 581 518 656 asperae
537 559 678 629 arteriae
692 554 764 629 via.
782 559 1128 660 CaeterumMeryus
1143 557 1275 656 ipse(1)
1366 596 1367 637 t

183 726 186 739 .
288 677 329 746 in
343 676 413 745 alia
428 676 519 746 olim
534 677 715 751 sententia
732 674 872 764 fuerat,
888 700 1063 765 censens,
1078 677 1275 747 immissum

289 817 358 890 per
385 793 735 897 pulmonererem
754 794 793 863 in
811 794 951 864 horum
973 795 1077 865 venis
1095 817 1180 864 cum
1201 816 1275 863 san·

290 911 403 1008 guine
417 916 597 1006 exquisite
613 911 779 999 misceri,
800 924 837 980 et
853 909 1055 1007 nequando
1072 911 1183 980 nimis
1199 933 1276 979 auc-

289 1041 350 1098 tus
366 1031 659 1098 contractionem
673 1027 797 1098 cordis
807 1027 1005 1124 impediat,
1013 1049 1089 1125 per
1098 1027 1278 1098 insensibi-

291 1141 362 1213 lem
376 1149 692 1242 permiratiooem
715 1143 784 1235 dif
799 1149 877 1213 ori:
905 1168 987 1240 quae
1011 1144 1191 1241 quoniam
1213 1156 1278 1211 tar-

183 1246 189 1261 ‘
292 1260 376 1331 dius
393 1258 434 1330 fit
450 1261 489 1329 in
507 1260 714 1348 testudine;
741 1260 827 1331 ideo
854 1284 977 1332 aerem
1003 1261 1043 1330 in
1068 1259 1183 1355 hujus
1197 1259 1280 1329 vasis

292 1375 497 1446 abundare.
517 1379 607 1466 Quae
624 1401 712 1450 cum
728 1378 779 1448 ita
798 1392 936 1465 essent;
949 1377 1104 1450 Littrius
1115 1375 1223 1447 sicuti
1231 1398 1281 1444 an·

293 1493 497 1588 tiquiorem
524 1494 623 1565 hanc
649 1495 770 1590 Meryi
797 1494 1018 1565 sententiam
1043 1495 1083 1563 in
1104 1517 1150 1563 eo
1170 1515 1282 1563 rerum

293 1622 397 1709 smus
418 1610 486 1702 qui
510 1609 718 1679 secundum
753 1624 925 1680 naturam
942 1623 1021 1696 est,
1048 1605 1282 1704 sequebatur,

292 1725 344 1795 ita
361 1724 563 1794 imminuto
577 1748 646 1821 per
662 1725 783 1822 largas
797 1725 1280 1823 haemorrhagiassanguine,

295 1857 331 1913 et
355 1840 530 1931 densiore
557 1837 675 1925 facto,
702 1840 885 1911 hactenus
913 1843 1166 1933 recentiorem
1197 1839 1282 1910 illius

295 1957 518 2030 sententiam
528 1954 735 2051 probabat,
751 1968 794 2023 ut
810 1968 901 2024 tunc
917 1953 1068 2026 misceri
1087 1956 1220 2027 intime
1236 1980 1282 2026 ae·

297 2098 378 2145 rem
400 2097 487 2144 cum
511 2069 698 2166 ejusmodi
724 2071 923 2168 sanguine,
947 2072 1026 2168 ipse
1055 2097 1211 2169 quoque
1229 2096 1283 2143 ne·

297 2203 420 2287 garet,
434 2188 609 2284 illiusque
626 2185 754 2264 bullas,
764 2186 898 2258 eodem
911 2212 987 2284 quo
998 2190 1152 2283 Meryus
1166 2190 1282 2260 itinere

105 2300 107 2307 ’
195 2340 198 2345 ·
296 2307 337 2375 in
353 2304 497 2376 radices
516 2328 699 2375 venarum
712 2303 949 2401 perduceret.
1022 2390 1026 2397 ι

349 2447 404 2519 27.
432 2425 562 2518 Neque
585 2436 640 2492 est
655 2444 771 2517 opus,
793 2444 864 2517 nec
893 2421 978 2491 licet
1001 2422 1232 2520 omniaque
1247 2418 1284 2491 ad

206 2538 207 2542 ’
299 2539 393 2610 aeris
409 2540 448 2608 in
469 2539 710 2634 sanguinem,
728 2551 791 2611 aut
802 2563 822 2631 e
835 2527 1017 2634 sauguine
1028 2537 1106 2608 vias
1125 2540 1285 2623 attinent,

300 2655 361 2725 hic
380 2656 578 2752 diligenter
602 2653 857 2753 perpendere,
878 2678 960 2724 cum
981 2653 1079 2743 hoec,
1100 2656 1206 2752 quod
1229 2653 1285 2725 alia
1338 2653 1339 2657 ’

302 2772 349 2844 de
370 2797 410 2844 re
428 2773 556 2843 Celsus
572 2771 626 2867 (a)
642 2773 708 2857 ait,
719 2795 796 2867 per
807 2769 927 2842 multo
937 2769 1132 2841 volumina
1140 2825 1152 2860 ,
1157 2793 1287 2869 perque

277 2906 279 2912 “
296 2906 448 2986 maguce
455 2893 699 2967 contentionis
707 2887 976 2985 disputationes
993 2912 1018 2955 a
1036 2888 1187 2959 medicis
1204 2908 1288 2983 supe

302 3021 465 3077 tractata
482 3012 568 3091 sint,
589 3020 702 3100 atque
720 3019 933 3083 tractentur.
954 3008 999 3074 Et
1018 3005 1109 3075 olim
1131 3002 1287 3089 fuerunt,
1352 3056 1354 3061 -

303 3138 341 3196 et
354 3148 456 3195 nunc
474 3138 579 3210 sunt,
607 3122 672 3217 qui
696 3146 819 3193 aerem
840 3121 899 3192 vel
920 3147 989 3220 per
1009 3123 1104 3192 cutis
1120 3146 1233 3219 poros
1255 3133 1288 3189 ut

303 3241 450 3312 admitti
461 3294 469 3327 ‚
482 3242 532 3311 sic
543 3242 654 3311 etiam
665 3240 802 3327 emitti,
817 3238 1061 3328 contendant,
1077 3238 1193 3336 idque
1205 3259 1289 3336 spec·

283 3371 398 3428 ‘tasse
421 3355 676 3454 Asclepiadem
702 3357 820 3444 aiant,
847 3380 932 3426 cum
956 3352 1196 3427 frictionibus
1223 3370 1290 3424 tan-

303 3488 385 3543 tum
405 3471 602 3560 tribueret,
622 3473 779 3563 scilicet,
794 3487 837 3542 ut
853 3471 992 3543 diutius
1005 3487 1168 3559 retent0,
1185 3491 1289 3566 eoque

346 3769 390 3847 (ι)
410 3770 479 3828 Vid.
493 3772 542 3826 Du
554 3770 657 3826 Hamel
670 3772 702 3827 R.
715 3771 762 3828 Sc.
776 3762 871 3829 dead.¹
882 3773 958 3829 Hist.
971 3775 992 3829 l.
1006 3780 1041 3842 4,
1055 3746 1126 3844 aa,
1142 3792 1167 3829 c.
1182 3772 1207 3841 3,
1222 3786 1248 3823 n.
1262 3778 1289 3821 m

307 3882 336 3926 et
351 3871 395 3926 13.

346 3968 390 4045 (a)
410 3971 454 4026 De
469 3967 618 4026 Medicina
630 3967 661 4023 in
675 3969 759 4026 rraef.
