2782 4668
309 448 381 539 '436
467 474 514 519 nn
540 474 685 522 sununs
710 477 754 521 ur
779 475 903 524 cauus
928 477 1141 526 uoanomur

310 587 423 657 iliacae
449 587 609 658 maxime
646 586 831 677 distentae,
853 591 1007 660 'arteriae
1047 606 1176 662 autem
1211 585 1311 663 sociae

308 705 456 789 inanes,
473 728 577 800 aeque
600 718 724 774 autem
743 705 873 777 inanes
896 724 966 802 per
984 707 1126 779 collum
1149 723 1188 780 et
1203 711 1311 807 jugu-

308 821 403 892 lares
417 821 572 891 internae
588 845 713 909 venae,
733 836 770 893 et
788 822 1142 913 carotidesarteriae,
1157 841 1200 896 ut
1210 850 1311 921 aeque

307 936 427 1035 plenae
452 937 550 1006 intra
585 938 754 1006 cranium
774 962 862 1009 cum
887 941 1050 1027 arteriae,
1076 956 1159 1012 tum
1192 966 1312 1023 vena,

307 1050 411 1152 quod
430 1068 466 1124 et
481 1054 519 1123 in
533 1053 613 1125 aliis
628 1053 801 1143 duobus,
816 1070 859 1127 ut
869 1056 986 1127 modo
996 1057 1185 1143 indicavi,
1203 1058 1314 1128 adno-

306 1186 424 1243 tatum
440 1186 505 1242 est.
526 1175 571 1240 In
588 1196 667 1243 uno
683 1174 825 1271 pariter
840 1171 935 1244 nihil
945 1199 1106 1272 usquam
1118 1177 1312 1273 sanguinis

211 1350 214 1354 Α
308 1289 500 1371 concreti,
532 1288 596 1359 sed
624 1291 747 1361 omnis
772 1293 922 1388 sanguis
940 1294 1100 1363 maxime
1119 1291 1312 1390 liquidus,

306 1421 343 1477 et
360 1406 513 1476 minime
531 1404 578 1475 ad
593 1403 772 1504 frigidum
798 1432 922 1479 aerem
951 1433 1211 1480 concrescens.
1240 1413 1309 1480 Ve-

305 1492 391 1594 runl
405 1524 444 1593 in
459 1523 577 1594 altero
596 1538 794 1596 concretus
808 1526 1059 1623 potiusquam
1078 1527 1251 1614 solutus3
1275 1527 1310 1596 iu

305 1638 423 1713 altero
438 1667 517 1712 non
527 1641 754 1741 polyposus,
774 1641 838 1713 sed
851 1667 922 1713 nec
937 1642 1091 1714 solutus.
1108 1645 1211 1732 Quin
1227 1667 1311 1714 vasa

304 1759 352 1829 ad
366 1782 432 1829 cor
448 1783 584 1858 magna
598 1760 638 1828 in
658 1783 737 1829 uno
754 1782 910 1856 prorsus
925 1774 1144 1830 concretum
1163 1757 1314 1832 habue-

303 1890 412 1963 runt,
432 1875 471 1945 in
500 1876 582 1972 ipso
607 1891 732 1947 autem
759 1875 873 1946 corde
901 1875 1022 1972 qualis
1040 1875 1222 1947 inventus
1246 1879 1313 1965 sit,

303 2010 416 2090 supra
434 1992 657 2064 dictumest.
676 1980 849 2090 Denique
859 1993 902 2061 'in
918 1991 1089 2081 duobus,
1109 2006 1172 2062 aut
1184 1992 1320 2090 tribus

302 2124 382 2181 ater
400 2107 470 2179 fuit
487 2109 697 2182 adnotatus.
724 2114 769 2180 Et
792 2135 840 2180 ne
860 2110 1076 2180 omittamus
1096 2109 1312 2206 quidquam

304 2251 349 2298 ex
365 2227 409 2297 iis
423 2251 504 2324 quae
521 2228 696 2298 universe
714 2240 954 2323 spectantur;
973 2226 1049 2296 duo
1059 2227 1154 2296 male
1166 2226 1314 2300 aluisse

306 2343 507 2431 cadavera,
536 2343 759 2416 adnotatum
779 2359 859 2432 est3
891 2343 956 2416 sed
986 2343 1027 2413 id
1057 2345 1182 2415 minus
1205 2345 1315 2442 quod

301 2462 411 2562 pejus
428 2458 601 2532 debuisse
617 2458 737 2532 videri
753 2450 911 2558 poterat.

352 2579 410 2652 31.
432 2581 509 2649 Nec
529 2578 717 2648 minorem
737 2602 824 2649 sane
843 2579 1062 2650 varietatem
1081 2580 1120 2649 in
1141 2578 1229 2650 aliis
1244 2579 1314 2678 hy-

302 2694 592 2793 drophoborum
606 2692 893 2766 dissectionibus
909 2696 1060 2781 iuveni,
1084 2719 1177 2792 quas
1201 2712 1311 2769 ante·

303 2838 417 2912 quam
435 2811 514 2882 haec
542 2811 768 2909 relegerem,
785 2835 806 2880 a
824 2812 914 2882 viris
939 2811 1060 2882 doctis
1077 2835 1156 2882 esse
1172 2812 1313 2901 editas,

302 2946 365 3001 aut
377 2943 602 2999 memoratas
613 2929 720 3014 novi,
731 2925 921 2999 Richardo
930 2924 1220 3023 Meadi0(1),de
1233 2956 1310 3026 quo

297 3047 375 3142 jam
391 3069 522 3143 supra,
536 3049 630 3114 Jano
654 3043 791 3114 Planco
814 3043 1106 3140 (namurcum
1124 3045 1307 3139 Cajetano

301 3161 437 3233 Fabbri
455 3160 936 3258 (3),'D0minicourogim1i
955 3159 1026 3257 (Δ),
1040 3161 1197 3258 aliisque
1214 3188 1309 3260 prae-

338 3534 383 3612 (1)
404 3537 502 3589 Tract.
517 3533 554 3589 de
564 3535 678 3589 Venen.
693 3534 826 3609 Teutam.
843 3548 870 3587 n.

337 3647 382 3726 (a)
400 3628 492 3722 ¹Apud
504 3648 617 3705 Simon.
636 3647 830 3720 cosmopolit.
849 3645 943 3720 Epist.
956 3647 1083 3722 Apolog.
1102 3666 1160 3721 pro
1180 3647 1307 3713 Planco,

299 3775 329 3820 et
340 3763 431 3822 Alibi.

269 3912 272 3918 -
339 3880 384 3957 (3)
403 3877 526 3933 Dissert.
540 3875 556 3931 3
569 3874 693 3930 intorno
705 3874 744 3930 ad
755 3875 860 3931 alcuna
875 3874 1007 3931 malattie
1018 3893 1049 3930 n.
1064 3875 1113 3931 62.

339 3996 383 4075 (4)
403 3997 502 4051 Tract.
515 3991 552 4049 de
563 3993 676 4047 Venen.
689 3990 818 4047 Animal.
830 4003 861 4065 p.
877 4008 904 4045 n.
