2862 4668
241 458 242 461 ’
289 456 343 530 28
608 483 841 532 Hlsronra
877 485 995 535 virm

286 595 503 683 beatissime
536 596 773 686 conferebat,
796 613 908 697 atque
933 602 974 670 in
997 598 1198 672 ‘beneficiis
1225 600 1293 672 tria

288 711 451 785 buendis
478 739 516 786 se
540 714 602 785 illa
626 716 726 786 nolle
749 714 909 793 fenerari
933 715 1178 806 ostendebat,
1205 739 1293 788 eum

288 830 434 901 tamdiu
460 834 710 922 meminisset,
736 835 864 930 quoad
886 835 949 906 ille
976 850 1102 933 gratus
1125 850 1204 906 erat
1227 835 1319 932 qui

290 963 502 1045 acceperat3
528 966 705 1047 percepta
726 977 816 1022 vero
835 978 855 1021 a
873 977 911 1023 se
934 952 1137 1024 immortali
1153 953 1295 1022 retine·

289 1065 354 1137 bat
370 1067 575 1154 memoria;
603 1067 707 1164 quod
730 1093 824 1166 saepe
853 1069 1056 1141 declaravit
1076 1085 1112 1141 et
1134 1069 1297 1141 maxime

290 1184 331 1252 in
360 1182 515 1254 homine
544 1185 651 1279 eujus
683 1209 756 1282 ope
782 1208 808 1254 a
835 1187 1006 1283 periculo
1034 1181 1118 1259 vitre
1144 1200 1297 1284 ereptus

291 1312 346 1372 est
366 1300 471 1398 quod
499 1300 548 1372 ob
574 1302 718 1399 lapsum
742 1303 782 1372 in
812 1304 978 1374 canalem
1011 1304 1236 1402 quemdam,
1252 1316 1297 1373 ut

289 1418 398 1488 initio
414 1420 664 1506 narravimus,
687 1419 802 1491 subiit
810 1420 1048 1518 inpueritia3
1065 1422 1177 1518 hujus
1191 1422 1295 1492 enim

293 1520 494 1633 egestatem
516 1537 593 1608 suis
621 1535 835 1634 sumptibus
863 1540 1102 1627 sustentavit,
1132 1553 1296 1610 mortem

291 1649 459 1741 deflevit,
490 1655 712 1724 memoriam
744 1668 847 1751 grata
878 1653 1140 1725 recordatione
1167 1677 1296 1752 perse·

292 1783 401 1839 cutus
415 1783 480 1839 est.
497 1768 660 1839 Multum
678 1774 827 1865 semper
843 1768 1010 1865 vigilavit
1027 1788 1071 1841 ac
1089 1768 1296 1859 laboravit,

290 1897 330 1955 et
348 1865 591 1979 provinciam*
606 1882 770 1954 docendi
794 1883 840 1955 ad
857 1898 1066 1965 extremam
1090 1910 1210 1987 usque
1237 1911 1296 1959 se-

291 2014 483 2070 nectutem
496 2001 547 2075 ita
567 2001 742 2074 sustinuit
750 2012 768 2088 ,¹
779 2017 822 2077 ut
838 2000 885 2073 de
900 2026 939 2073 se
952 2003 1156 2101 praedicare
1165 2019 1296 2104 potue·

290 2117 341 2212 rit
358 2115 453 2189 illud
472 2116 731 2215 Virgilianum.

710 2383 713 2387 ἴ
792 2316 856 2374 Nec
872 2319 959 2374 tarda
970 2330 1105 2376 senectus

470 2412 610 2469 Dibilitat
622 2415 700 2471 vires
714 2416 967 2494 anzini'mutatque
981 2421 1124 2493 vigorem.

283 2644 286 2647 -
342 2589 443 2663 Vixit
454 2589 501 2660 ad
514 2592 674 2662 aliorum
689 2593 911 2683 utilitatem,
926 2609 964 2665 et
979 2617 1155 2692 magnam
1165 2617 1204 2665 se
1214 2598 1297 2667 Deo
1326 2654 1328 2661 ,

292 2702 432 2781 habere
454 2711 610 2808 gratiam
643 2711 812 2801 dicebat,
845 2711 951 2810 quad
984 2713 1110 2784 siverit
1140 2736 1179 2783 se
1214 2737 1297 2783 earn

292 2829 500 2927 praesertim
527 2829 721 2900 scientiam
749 2827 942 2927 profiteri,
963 2854 1046 2927 quae
1075 2827 1298 2902 hominibus

291 2946 735 3044 plurimumprodesset,
754 2962 791 3018 et
810 2973 892 3045 quae
914 2947 960 3019 ad
977 2948 1096 3046 ipsius
1115 2949 1185 3018 Dei
1208 2971 1300 3046 cog-

189 3091 191 3095 ·
256 3075 258 3080 '
290 3063 474 3134 nitionem
495 3087 572 3133 una
592 3066 764 3135 omnium
785 3065 945 3137 maxime
958 3063 1124 3136 duceret.
1139 3064 1242 3134 Nihil
1258 3056 1299 3135 in

292 3203 337 3249 eo
369 3176 500 3249 fictum
529 3194 594 3250 aut
616 3181 833 3252 simulatum
850 3204 1022 3276 unquam
1045 3182 1301 3279 apparuitfut

293 3296 418 3365 autem
437 3311 516 3366 erat
530 3296 660 3368 decori
678 3296 954 3368 amantissimus
967 3298 1213 3395 aequalitatem
1223 3300 1305 3369 uni·

290 3435 405 3483 versae
428 3414 513 3483 vitae
531 3414 839 3511 singularumque
862 3404 1056 3484 actionum
1079 3413 1323 3485 mirabiliter

291 3531 459 3609 servavit.
479 3529 810 3620 Quemadmodum
827 3531 866 3599 in
886 3530 1041 3619 vitiano
1055 3533 1095 3601 in
1114 3530 1302 3602 medicina

290 3673 372 3745 quae
389 3662 514 3719 essent
532 3648 715 3745 simplicia
732 3648 887 3737 amavit,
907 3663 943 3719 et
961 3649 1028 3746 qui
1054 3673 1149 3746 saepe
1172 3648 1303 3746 plures

287 3791 391 3835 venae
416 3765 582 3836 sectione
601 3765 764 3842 curavit.
785 3775 984 3863 nimquam
1007 3781 1132 3837 tamen
1153 3765 1229 3836 hoc
1246 3790 1303 3836 re·

289 3882 404 3953 medii
424 3906 543 3980 genus
563 3880 633 3953 sibi
659 3880 834 3956 adhiberi
860 3907 990 3980 passus
1018 3900 1091 3971 est,
1111 3884 1298 3981 quoniam

294 3999 517 4072 naturaliter
547 3999 644 4073 illud
674 3999 864 4074 horrebat.
895 4001 1099 4073 Consuevit
1123 4002 1235 4073 etiam
1264 4002 1304 4071 in

820 4270 828 4303 l
