2780 4666
317 430 389 502 266
484 458 529 503 na
558 457 704 506 scamas
729 459 774 507 rr
799 459 923 508 causis
948 459 1159 507 moruorum

314 567 527 641 dissecuisse
547 595 624 643 non
642 571 772 660 semel,
800 574 869 661 ait,
895 577 964 670 qui
989 574 1038 644 ob
1055 575 1201 664 fortem
1230 550 1311 671 epo-

306 683 481 782 plexiam
499 686 685 774 obierant,
706 695 963 787 meorumque
981 691 1129 760 cerebro
1145 714 1312 785 magnam
1375 694 1376 701 ’

313 826 426 898 aquoe
443 810 590 902 copiam
604 810 782 904 reperisse
796 784 1056 905 :perspicuam
1070 804 1245 903 quidem,
1260 803 1313 877 sed

311 918 561 1015 glutinosam
576 923 629 994 sic
652 924 777 995 minus
803 924 913 995 obvia
930 924 1086 1011 vidisse,
1110 922 1310 1009 credimus,
1376 946 1377 951 ’

234 1048 236 1055 “
313 1037 386 1107 nisi
404 1035 500 1107 forte
511 1064 801 1138 censeas,aquae
814 1042 915 1113 illius
927 1067 1009 1138 quae
1024 1065 1118 1137 saepe
1132 1040 1203 1112 sub
1219 1040 1310 1111 tenui

311 1154 489 1252 meninge
506 1155 560 1254 (ι)
574 1158 697 1255 primo
710 1174 863 1257 aspectu
876 1158 1057 1255 gelatinoe
1073 1159 1193 1228 instar
1211 1181 1311 1255 appa·

208 1271 213 1281 “
311 1285 387 1357 ret,
407 1274 569 1369 speciem
591 1276 734 1372 potius,
754 1300 869 1372 quam
891 1291 1084 1363 naturam,
1103 1274 1306 1346 attendisse.

310 1391 492 1460 Caeterum
511 1391 541 1461 si
558 1392 747 1487 ‘ejusmodi
766 1416 902 1489 aquam
922 1393 1062 1490 reperit
1084 1416 1169 1488 quae
1189 1406 1309 1489 reapst
1378 1370 1379 1413 ³

310 1506 483 1604 pituitam
501 1508 603 1578 illam
614 1507 788 1599 referret,
804 1535 918 1607 quam
936 1524 1026 1580 tuuc
1039 1510 1153 1607 vulgo
1168 1532 1308 1579 causam
1378 1500 1379 1503 ¹

311 1647 389 1695 esse
400 1625 660 1697 existimabant
670 1627 889 1725 apoplexia,
900 1624 1098 1698 rectefecit
1109 1627 1215 1724 quod
1230 1627 1309 1722 ejus·

310 1739 415 1811 modi
436 1740 717 1814 ohservationes
733 1745 773 1813 in
791 1742 1036 1815 eumiibrum
1055 1744 1188 1837 rejecit
1209 1765 1309 1841 quem

310 1854 358 1927 de
378 1864 421 1928 iis
437 1860 649 1956 inscripsit,
668 1884 755 1956 qasae
772 1880 862 1930 raro
881 1866 919 1929 in
934 1874 1112 1929 anatome
1128 1866 1307 1957 reperiun-

310 1988 379 2044 tur.
400 1976 477 2046 Nee
496 1975 621 2047 minus
639 1991 741 2047 recte
757 1972 843 2047 feeit
859 1976 1062 2057 Varoiius(
1090 1974 1124 2071 ),
1141 1977 1252 2070 cujus
1268 1975 1309 2044 le

310 2110 395 2160 cum
408 2145 418 2175 ,
431 2090 520 2162 alias
534 2116 685 2188 quoque
700 2088 754 2188 (3)
770 2093 1020 2188 productum,
1035 2088 1162 2161 forsan
1178 2092 1308 2189 aequius
1380 2130 1381 2159 t

309 2221 364 2278 est
373 2204 533 2278 adhunc
543 2206 699 2279 modum
713 2207 971 2305 interpretari,
988 2209 1018 2277 si
1037 2208 1212 2304 pituitam
1224 2231 1309 2279 eam·
1380 2212 1381 2219 ’

309 2322 394 2397 dem
405 2340 595 2423 spectans,
614 2326 783 2424 negavit,
798 2331 836 2394 in
850 2325 1065 2396 ventriculis
1079 2327 1226 2396 cerebri
1232 2349 1307 2422 apo-

308 2442 556 2540 plecticorum
567 2449 724 2541 reperiri
734 2444 915 2538 majorem
932 2456 1308 2513 excrementorumca
1381 2446 1382 2531 s

298 2565 411 2659 piam
419 2616 430 2649 ,
447 2587 560 2658 qaam
576 2566 819 2632 communiter
832 2561 1051 2631 inomnibas
1060 2558 1147 2630 aliis
1162 2564 1310 2659 reperiri

306 2678 435 2763 soleat.
454 2675 596 2750 Verum
610 2679 656 2749 ad
674 2678 858 2775 promissa
867 2675 1086 2766 efficienda,
1105 2676 1155 2748 ab
1169 2678 1308 2750 duabus

308 2796 485 2868 Valsalvae
504 2796 673 2867 historiis
688 2797 796 2866 initio
814 2793 951 2882 ducto,
968 2819 1181 2893 pergamus.

357 2934 390 2984 a.
416 2914 485 2985 vir
504 2929 584 2984 erat
601 2930 721 2987 ann‘os
748 2927 857 2984 natus
876 2914 1030 3011 triginta
1047 2927 1143 3000 tres,
1170 2913 1307 3011 sangui·

307 3056 379 3102 neo
398 3042 717 3130 temperamenm,
735 3027 1137 3128 gracilis‚herni0sus‚
1157 3054 1262 3101 mero
1275 3042 1307 3099 et

306 3149 460 3218 tabesco
482 3166 722 3245 summopere
750 3144 909 3217 deditus.
937 3146 1005 3215 Hic
1036 3146 1151 3244 coepit
1185 3142 1308 3216 dolere

306 3280 411 3364 parte
429 3265 559 3362 capitis
581 3266 749 3353 sinistra,
772 3261 822 3333 ad
843 3262 1063 3360 occipitium
1086 3264 1304 3361 praesertim:

306 3404 418 3479 quem
439 3381 611 3453 dolorem
629 3397 779 3453 secutas
799 3395 856 3451 est
873 3379 1006 3467 dolor,
1028 3395 1065 3450 et
1080 3376 1307 3469 imbecillitas

304 3499 563 3571 musculorum
574 3499 662 3570 colli
675 3500 715 3568 in
729 3497 864 3571 eodem
877 3497 1001 3568 latere.
1014 3498 1182 3566 Primum
1196 3474 1304 3566 febris

345 3816 390 3894 (1)
410 3815 480 3872 vid.
495 3814 589 3893 Epist.
607 3814 642 3885 6,
660 3834 691 3869 n.
713 3832 766 3882 12,
788 3814 833 3871 13.

345 3914 391 3991 (a)
414 3916 456 3969 De
469 3913 567 3969 nervis
580 3913 680 3988 Optio.
696 3913 791 3989 Epist.
806 3932 833 3969 α.

344 4013 389 4091 (3)
410 4012 504 4088 Epist.
524 4031 556 4084 α,
571 4033 602 4069 ιι.
620 4033 655 4086 7,
674 4012 812 4089 etEpist.
828 4019 909 4083 1,,ι1.
926 4029 952 4066 1.
