2782 4668
163 398 231 443 mn.
258 400 283 444 1.
310 399 357 444 m:
382 398 837 464 MORBISGAP1T15‚EPIST.
864 406 943 451 viu.
996 389 1064 470 401

73 512 171 597 beret
189 536 231 581 ea
249 510 445 608 glandula,
461 528 498 582 et
515 511 673 584 solidior
689 531 781 587 esset
801 516 931 605 solito,
949 517 1066 592 habes

74 629 179 698 etiam
199 627 573 727 inSepulchret0(1).

124 770 176 842 ¹7·
198 749 242 814 In
261 770 340 842 quo
353 747 517 835 tametsi,
533 762 576 818 ut
592 750 732 846 pariter
751 773 863 848 supra
883 751 1065 841 iudicavi,

73 888 158 951 una,
175 862 278 935 haud
300 864 485 962 amplius,
505 865 585 959 ejus
610 890 764 961 quoque
786 870 840 937 rei
865 894 946 964 quae
973 869 1067 940 mihi

77 1003 220 1079 semper
234 982 273 1050 in
295 980 417 1054 stultis
435 979 669 1079 deprehensa
686 997 761 1071 est,
783 982 994 1055 observatio
1009 1011 1067 1059 ex-

73 1111 120 1168 tat
128 1097 200 1194 (α),
214 1098 366 1170 Henrici
378 1096 427 1168 ab
444 1102 561 1185 Heer,
578 1123 601 1169 a
612 1124 689 1195 quo
701 1098 876 1170 videlicet
887 1103 928 1170 in
939 1126 984 1171 eo
998 1105 1065 1198 qui

75 1217 259 1291 maniacus
275 1210 416 1303 fuerat,
428 1213 625 1286 cerebrum
639 1217 834 1285 inventum
849 1232 904 1311 ent
914 1217 1066 1304 durum,·
1160 1302 1163 1307 Ι

75 1355 146 1402 non
166 1332 246 1402 aliae
265 1346 390 1407 tamen
406 1330 540 1402 desunt
564 1357 647 1429 quae
667 1333 805 1405 ,merito
832 1331 1064 1428 adjiciantur.
1095 1315 1097 1324 ‚

74 1451 159 1519 Nam
169 1449 336 1546 primurn
356 1447 497 1519 laudati
521 1474 566 1520 ex
582 1450 683 1546 regia
704 1450 951 1521 scientiarum
967 1453 1067 1521 Pari-

75 1566 175 1636 siensi
190 1564 383 1637 academia
406 1566 476 1634 viri
500 1564 554 1661 (3)
579 1567 751 1653 Limius,
780 1581 816 1637 et
842 1564 1068 1663 Genffroyus

75 1684 110 1752 in
123 1682 272 1755 duobus
290 1682 422 1753 iisdem
440 1682 618 1752 maniacis
632 1680 681 1752 de
699 1680 838 1779 quibus
859 1698 970 1781 supra
987 1685 1067 1757 dic·
1164 1671 1172 1683 ⁸

75 1814 145 1873 turn
162 1816 237 1889 est,
261 1798 407 1871 cerebri
428 1822 582 1897 quoque
602 1798 848 1871 substantiam
866 1801 987 1871 multo
1002 1799 1068 1881 fir-

78 1920 225 1989 miorem
247 1941 362 2014 quam
373 1915 507 2003 soleat,
526 1940 613 1986 cum
629 1913 857 1986 cerebellum
872 1941 937 1987 sua
951 1913 1068 1993 ferme

77 2037 227 2107 naturali
243 2034 400 2105 mollitie
418 2049 532 2121 esset,
549 2048 825 2130 compererunt.
840 2037 934 2123 ¹Tum
951 2036 1067 2106 inillo

79 2153 151 2250 ipso
168 2151 293 2240 lituu,
310 2176 424 2249 quem
444 2150 579 2238 semel,
602 2166 715 2248 atque
729 2151 866 2223 iterum
887 2175 1070 2223 memora·

77 2270 186 2343 vimus
200 2268 257 2367 (Δ)
273 2323 283 2355 ,
302 2269 493 2340 Lancisius
510 2274 720 2339 uniuersam
734 2270 875 2338 cerebri
897 2271 1068 2340 substan-

80 2393 160 2458 tiam
182 2386 294 2459 solito
325 2392 632 2483 compactiorem,
661 2386 859 2482 ipsumque
887 2385 1069 2458 callosum

81 2527 207 2602 corpus
229 2503 398 2575 similiter
416 2500 670 2572 duriusculum
695 2501 965 2573 animadvertit.
993 2504 1068 2575 Ad·

80 2619 212 2695 deudus
231 2621 291 2692 his
309 2620 530 2691 Santorinus
540 2617 613 2714 (5),
626 2619 692 2714 qui
706 2619 745 2688 in
761 2643 851 2690 sene
865 2616 967 2689 fatuo
986 2634 1068 2690 tum

81 2736 160 2825 alia,
177 2741 258 2810 tum
271 2736 470 2809 cerebrum
489 2735 606 2805 multo
611 2736 765 2830 firmius
775 2737 937 2823 invenit,
954 2752 1068 2833 atque
1139 2720 1141 2733 ¹

75 2858 331 2952 parshaecesse
340 2859 545 2939 consueret,-
559 2867 602 2922 ut
611 2853 650 2920 in
659 2875 705 2923 eo
715 2851 820 2948 quod
831 2867 868 2922 et
877 2875 947 2925 nos
957 2877 1070 2952 prop-

80 2984 169 3044 terea
180 2989 289 3044 antea
306 2973 360 3069 (6)
378 2968 604 3056 feceramus,
625 2969 760 3039 etalias
775 2965 954 3056 fecimus,
973 2995 1068 3041 non·
1146 3061 1147 3065 Ἰ

81 3090 176 3161 nulla
184 3097 384 3191 perspicue
398 3095 535 3185 magis,
551 3111 597 3156 ac
608 3086 800 3157 commode
809 3101 847 3156 et
853 3086 1067 3184 disquirere,
