2798 4668
316 452 389 545 564
477 479 525 526 mi
551 466 698 527 moinus
722 476 766 525 m
791 475 915 526 musis
940 479 1151 529 nonnonnu

314 588 488 664 dissectio
505 589 715 679 cadaveris,
731 591 857 662 invitis
871 590 1002 680 nobis,
1021 576 1157 666 omissi
1168 608 1235 665 est.
1245 591 1314 666 Sed

311 708 587 784 resolutionum
598 708 646 781 ab
662 708 937 804 ejusdemmodi
952 734 1060 783 causa
1074 711 1145 783 alia
1160 700 1316 810 quoque

309 826 483 925 exempla
498 849 518 895 a
536 851 597 896 me
611 823 702 896 alibi
716 824 878 898 indicata
895 841 994 899 sunt.

362 967 419 1014 πο.
437 941 604 1014 Indicata
623 957 712 1014 sunt
730 943 841 1013 etiam
857 942 1027 1041 exempla
1045 968 1172 1029 eorum
1190 969 1318 1042 quaea

310 1059 501 1134 convulsis
517 1054 615 1131 circa
632 1083 769 1131 nervos
784 1060 1007 1132 musculosis
1017 1059 1121 1133 fibris
1136 1062 1318 1133 videntur

309 1176 491 1253 accidere.
507 1180 585 1249 Nec
610 1200 702 1247 vero
725 1177 962 1274 negaverim,
978 1201 1088 1274 posse
1117 1178 1317 1250 interdum

214 1292 234 1393 Ἰ
310 1319 354 1368 ea
379 1318 534 1392 quoque
558 1293 704 1364 ratione
731 1292 909 1391 explicari
934 1318 1016 1391 quae
1039 1297 1091 1365 sic
1109 1319 1129 1364 a
1146 1295 1317 1367 Boerha-

310 1411 662 1510 evio(1)proposita
674 1425 751 1484 est:
769 1411 940 1485 convulsi
949 1412 1107 1483 musculi
1117 1411 1323 1500 duritas,si

310 1535 427 1604 nimia
433 1532 573 1622 suerii,
592 1525 752 1598 destruit
766 1527 988 1615 musculum,
1009 1544 1047 1598 et
1054 1527 1236 1626 relinquit
1247 1555 1320 1629 pa·

309 1646 527 1742 ialyticum,
548 1651 605 1716 uti
620 1669 722 1744 nepe
734 1659 830 1743 post
852 1644 1103 1717 convulsiones
1132 1652 1319 1745 contingit

297 1765 416 1863 fieri:
433 1785 652 1861 quanquam
671 1760 736 1836 ubi
752 1761 862 1836 simul
879 1785 966 1832 cum
980 1756 1086 1833 'motu
1100 1787 1237 1836 sensus
1252 1764 1320 1836 tol

308 1881 417 1969 litur‚
431 1896 596 1952 nontam
614 1875 991 1953 muscularisfabricae
1006 1879 1318 1971 destructionem,

307 2023 423 2098 quam
443 1999 649 2096 compressi
664 2012 756 2069 tunc
771 1997 894 2085 nervi,
907 1997 1023 2069 modo
1040 1996 1319 2071 exdurioribus

307 2140 387 2217 non
404 2116 469 2201 sit,
486 2113 793 2188 constrictionem
818 2129 966 2212 prestat
981 2115 1169 2202 incusare,
1185 2140 1208 2185 a
1241 2142 1317 2215 qua

306 2257 383 2305 una
399 2233 520 2331 repeti
536 2246 741 2329 utrumque
759 2246 891 2329 potest.
908 2231 1021 2321 Quod
1041 2246 1166 2303 autem
1186 2235 1316 2306 eidem

307 2351 449 2452 placuit
476 2349 548 2446 (n),
570 2347 770 2447 paralyses
794 2349 1058 2437 membrorum,
1083 2351 1149 2420 ubi
1164 2350 1318 2424 nulum

305 2471 431 2563 subeqt
444 2468 588 2540 cerebri
602 2472 754 2552 vitium,
776 2464 939 2563 ideoque
964 2465 1221 2538 auscultantes
1241 2495 1318 2541 me-
1395 2468 1397 2559 l

305 2585 523 2660 dicamentis
537 2589 719 2665 externis,
740 2605 821 2669 eas,
835 2581 1015 2679 inquam,
1028 2582 1151 2654 sedem
1167 2583 1316 2658 habere

304 2704 345 2779 in
364 2700 649 2788 telacellulosa,
666 2724 741 2797 qua
761 2701 887 2770 omnia
897 2725 1107 2771 nervorum
1122 2725 1210 2773 vasa
1234 2706 1316 2776 cin·
1394 2700 1395 2789 l

305 2837 471 2924 guntur3
488 2819 568 2890 haec
587 2841 743 2915 quoque
760 2816 958 2915 explicatio
981 2842 1046 2889 sua
1067 2817 1179 2923 laude
1198 2819 1315 2920 digna
1393 2862 1394 2901 i

304 2955 376 3027 est,
401 2940 432 3012 si
458 2938 543 3034 quis
568 2951 673 3033 apte,
699 2959 770 3006 nec
794 2934 874 3006 sine
900 2935 1029 3032 aliquo
1055 2935 1314 3039 additamento
1392 2976 1393 3019 i

303 3072 442 3130 utatur.
462 3056 557 3125 Nam
575 3052 804 3149 caeteroquin
821 3050 925 3125 haud
940 3076 1047 3125 secus
1061 3078 1103 3125 ac
1121 3054 1220 3143 aliae,
1235 3057 1313 3130 suis
1391 3110 1392 3133 i

304 3175 384 3275 ipsa
403 3195 557 3271 quoque
576 3166 859 3241 difficultatibus
875 3168 1025 3242 videtur
1050 3174 1184 3268 premi.
1216 3173 1312 3246 Vide
1390 3166 1391 3247 l

303 3292 404 3369 enim
425 3290 464 3360 in
479 3284 729 3385 Sepulchreto
755 3283 828 3382 (3),
853 3285 913 3357 vel
939 3289 1066 3384 potins
1093 3288 1133 3358 in
1161 3313 1209 3360 eo
1230 3291 1312 3387 ipso
1388 3296 1390 3381 l

240 3388 242 3391 V
302 3406 402 3489 libro
411 3404 466 3502 (Δ)
481 3406 547 3502 qui
561 3403 615 3475 ibi
630 3402 882 3502 negligentius
900 3401 1110 3501 descriptus
1126 3419 1202 3493 est,
1228 3432 1310 3505 que
1387 3402 1389 3477 l

338 3698 383 3792 (ι)
402 3707 694 3769 Praelect.in1netit.
710 3709 753 3795 aq
761 3712 778 3783 ς
796 3713 863 3779 403·

340 3810 384 3888 (ι)
404 3807 484 3867 nu.
501 3807 541 3864 m
557 3807 655 3878 μω.
733 3789 752 3821 ”

337 3911 383 3988 (3)
401 3911 481 3966 sect.
498 3909 555 3966 hac
574 3905 903 3983 15,Append.a‹10hi.
917 3902 944 3962 5.

337 4010 382 4088 (l)
401 4010 491 4069 Δηοῖ.
506 4006 583 4068 ffist.
595 4007 708 4083 Apopl.
719 4006 788 4067 niu
800 4005 837 4064 13
847 4005 880 4063 in
895 3999 1037 4063 seboin.
1053 4023 1082 4064 ι.
