2862 4668
281 435 347 518 io.
623 453 945 501 rnmrtrro

281 569 356 643 quin
366 565 639 642 prestantissimos,
663 569 804 644 legimus,
826 564 1054 644 Sepulchretum
1068 570 1225 644 diligentia
1242 559 1313 628 ia->

281 668 491 742 conparabili,
510 686 549 721 ex
564 668 697 723 omnibus
711 670 824 742 optima
840 671 1019 743 colligendo,
1033 680 1061 726 et
1079 671 1236 744 redigendo
1250 672 1299 726 ad

282 779 382 842 capeto
389 809 400 835 ,
417 780 482 824 'esse
495 769 663 825 coniectum
682 779 771 842 atque
784 770 841 824 alia
848 751 1045 842 hujusmodi:
1063 771 1179 826 utinam
1196 771 1293 827 in·his

279 885 400 942 quoque
413 867 589 942 adstipulari
603 886 766 942 possemus.
779 871 841 926 Cur
854 888 927 925 vero
939 889 986 926 me
998 869 1119 944 quidem
1126 889 1293 944 nonpossea

279 969 409 1038 credam,
420 987 490 1023 mox
499 967 649 1039 indicabo,
657 987 774 1043 semper
783 980 882 1025 tamen
887 988 991 1026 eorum
1000 988 1115 1026 memor
1122 988 1188 1044 quae
1196 971 1290 1026 modo

279 1069 360 1123 ultro
373 1067 457 1138 dedi,
469 1078 499 1122 et
511 1079 655 1142 praeterea
668 1088 763 1138 novae,
779 1088 813 1125 ac
824 1080 914 1127 vastae
926 1071 1000 1152 adeo
1013 1082 1155 1145 susceptae
1165 1072 1292 1144 provin-

280 1167 332 1224 eiae
347 1168 437 1236 duos,
455 1164 537 1224 haud
554 1168 702 1240 amplius,
723 1168 873 1239 homines,
896 1169 1087 1243 quantumvis
1105 1170 1288 1239 industrios,

279 1287 343 1327 non
362 1286 424 1323 esse
445 1264 547 1342 pares3
569 1267 830 1341 quandoquidem,
855 1279 889 1324 ut
910 1280 954 1325 est
974 1270 1006 1327 in
1024 1269 1139 1340 Iliadis,
1161 1271 1290 1344 opinor,

281 1378 410 1449 quarto,
425 1387 484 1422 non
496 1368 585 1422 sienni
595 1370 696 1429 omnia
708 1368 762 1422 Dii
774 1370 917 1424 dederunt
931 1367 1096 1434 horninibus
1100 1410 1112 1446 ³,
1130 1380 1159 1425 et
1174 1369 1206 1425 in
1219 1371 1294 1431 duo«

280 1467 396 1530 decimo
405 1508 418 1537 ,
432 1469 587 1522 inultorum
601 1480 699 1531 eutem
712 1487 788 1541 opus
806 1471 918 1524 melius.

302 1592 392 1673 ‘Quae
403 1590 519 1649 temetsi
532 1589 629 1652 libens,
642 1602 671 1648 et
683 1609 831 1666 agnosco,
842 1602 872 1650 et
884 1591 997 1661 fateor3
1007 1602 1105 1650 tamen
1113 1592 1139 1648 si
1147 1609 1222 1665 opus
1230 1603 1292 1649 tam

277 1689 352 1749 utile
366 1688 505 1764 deinceps
521 1689 626 1749 utilius
642 1690 828 1752 reddendum
841 1703 898 1762 est,
917 1693 1037 1751 reticeri
1049 1711 1112 1748 non
1124 1691 1228 1763 debet,
1242 1711 1291 1749 su-

276 1791 486 1870 peresseapud
500 1800 635 1844 auctores
651 1800 714 1851 tum
725 1799 857 1860 veteres,
873 1801 938 1846 tum
950 1793 993 1849 ita
1007 1803 1155 1862 recentes,
1172 1803 1207 1847 ut
1221 1803 1290 1853 ante

275 1868 400 1965 alteram
412 1884 600 1963 Sepulchreti
615 1887 776 1944 editionem
792 1900 940 1962 extarent,
952 1910 1104 1966 superesse
1115 1892 1248 1966 inquam,
1256 1902 1292 1971 ut

277 1989 405 2045 aliorum
416 1988 470 2061 qui
481 1986 525 2042 ibi
537 2005 574 2043 ne
586 1966 784 2067 nominantur
792 1988 927 2067 quidem3
944 1991 986 2046 sic
998 1990 1127 2045 aliorum
1135 1991 1225 2045 etiam
1237 1991 1292 2064 qui

277 2064 727 2156 nominantumobservetiones
739 2087 821 2143 haud
833 2088 876 2143 ita
886 2107 1013 2164 paucas,
1029 2090 1132 2167 dignes
1143 2108 1213 2146 sane
1224 2109 1291 2165 quae

276 2188 400 2248 minime
412 2187 642 2244 omitterentur:
658 2199 765 2251 contra
776 2188 892 2260 autem',
913 2183 1092 2246 omittendas
1113 2190 1204 2246 fuisse
1227 2201 1291 2249 tum

278 2308 346 2364 quae
362 2290 451 2351 semel
464 2287 527 2371 jam
544 2288 666 2363 positae,
683 2289 717 2372 in
735 2306 796 2345 una
814 2292 975 2366 eademque
992 2290 1137 2362 sectione,
1160 2300 1189 2345 et
1202 2308 1292 2346 vnon-

279 2407 435 2462 nunquam
448 2390 481 2445 in
497 2408 559 2449 una
573 2400 662 2465 atque
680 2390 782 2451 eadem
805 2391 931 2466 pagina,
956 2410 1011 2466 per
1031 2391 1178 2455 incuriam
1194 2409 1290 2466 repe-

279 2501 398 2559 mnw,
418 2500 482 2553 tum
496 2490 661 2569 praesertim
675 2509 740 2564 quae
755 2508 773 2545 a
788 2500 910 2555 versuto
928 2491 1059 2565 quodam
1083 2490 1231 2565 scriptore
1246 2491 1290 2547 ita

275 2591 494 2652 transformatae
511 2601 596 2657 sunt,
614 2603 649 2645 ut
663 2591 687 2645 si
705 2608 853 2665 aegrorum
869 2591 1013 2660 nomina,
1032 2600 1061 2644 et
1073 2590 1288 2661 conditionem,

277 2703 307 2752 et
329 2691 478 2750 civitatem
496 2701 624 2765 spectes,
644 2709 730 2751 norae
746 2700 930 2764 appareant3
950 2699 980 2745 at
996 2689 1021 2744 si
1041 2708 1087 2746 res
1103 2689 1288 2765 ipsasatque

276 2792 468 2861 sententiam,
487 2791 630 2847 continuo
642 2788 805 2864 intelligas,
824 2790 943 2845 easdem
957 2787 1082 2845 omnino
1099 2807 1162 2849 esse
1175 2809 1242 2864 quae
1251 2809 1287 2846 ex

197 2875 200 2880 ’
275 2894 353 2957 veris
368 2893 540 2951 auctoribus
561 2908 653 2965 supra
673 2891 821 2965 leguntur.
844 2890 910 2955 Huc
932 2907 980 2944 eas
1002 2888 1096 2961 adde,
1121 2887 1287 2964 inquibus

276 2994 324 3051 vel
341 2991 532 3047 mediocriter
549 2990 580 3044 in
599 3008 756 3060 sanorum,
772 2990 1041 3063 morbidorumque
1058 3004 1219 3063 corporum
1231 3007 1289 3047 sec·

276 3092 410 3155 tionibus
429 3089 582 3149 exercitati
603 3088 689 3144 focile
710 3101 888 3166 agnoscant,
907 3100 958 3144 aut
974 3107 1039 3162 quae
1056 3089 1218 3167 secundum
1236 3105 1289 3151 na-

276 3203 375 3247 turam
392 3201 480 3263 sunt,¹
492 3209 549 3264 pro
563 3190 725 3261 morbosis,
740 3202 792 3246 aut
808 3210 873 3265 quae
884 3190 923 3246 ad
933 3171 1047 3246 certum
1056 3189 1209 3264 quoddam
1220 3207 1287 3262 per-

275 3293 375 3347 tinent
401 3288 528 3347 laesionis
548 3309 657 3366 genus,
674 3309 731 3365 pro
755 3293 843 3366 longe
863 3293 958 3353 altero
980 3308 1042 3367 esse
1063 3289 1232 3369 proposita,
1250 3300 1285 3348 ut

275 3402 351 3466 puta
374 3408 550 3463 aneurysma
565 3405 623 3464 pro
644 3392 801 3447 abscessu:
822 3410 887 3472 quae
901 3389 1042 3445 nimirum
1061 3390 1286 3455 observationes

272 3502 327 3557 aut
341 3481 520 3565 accipiendae
535 3509 599 3546 non
614 3503 713 3561 erant,
729 3502 781 3546 aut
798 3502 875 3546 certe
887 3508 950 3545 non
961 3490 1024 3546 sine
1040 3490 1139 3566 aliqua
1150 3487 1285 3560 subjecta

273 3590 463 3647 dubitatione
483 3591 637 3665 ponendae.
663 3592 755 3646 Mitto
778 3608 843 3664 quae
862 3590 902 3646 ad
918 3590 1009 3660 illud,
1025 3589 1068 3671 ¹ad
1084 3588 1166 3671 quod
1182 3589 1287 3651 attine-

270 3690 359 3759 bant,
378 3701 467 3764 caput
483 3708 545 3746 nou
561 3702 629 3769 sunt
641 3690 786 3757 redactae,
804 3708 870 3763 quae
883 3691 963 3752 male
974 3709 1010 3749 ex
1021 3683 1208 3771 autographo¹
1220 3688 1286 3749 des-

271 3789 389 3863 criptae,
409 3809 475 3864 quae
493 3810 529 3846 ex
545 3809 606 3865 quo
619 3791 678 3846 siut
694 3799 835 3858 auctore,
852 3790 983 3858 nescias,
1002 3799 1053 3844 aut
1065 3807 1139 3862 quas
1150 3786 1214 3860 ejus
1230 3806 1284 3842 cu-

269 3889 319 3972 jus
334 3908 396 3945 non
410 3902 496 3961 sunt,
509 3909 571 3947 esse
582 3890 684 3946 credas
697 3909 704 3943 :
718 3908 755 3944 ne
767 3891 876 3959 multa,
895 3888 1043 3963 quidquid
1054 3899 1197 3962 praeterea
1208 3905 1283 3962 ope-

270 3984 538 4064 carentinorum,
564 4001 616 4053 aut
648 3989 775 4048 inscitie
800 3989 949 4069 imputare
974 3987 1127 4060 malueris,
1153 3987 1284 4055 libenter
