2774 4666
321 198 344 273 ‘l

187 376 193 393 .
296 397 366 470 226
446 419 507 469 nr
533 416 678 465 srnrrus
700 418 746 465 rr
771 418 895 466 causis
920 419 1130 467 uoraorun

291 539 426 605 Totum
441 546 567 603 tamen
581 528 689 601 valde
699 529 858 603 notabili
869 530 1066 628 praeditum
1086 531 1224 605 duritie
1234 537 1288 609 iu-

289 651 395 737 veni3
421 646 765 735 cumtcerebellum
796 662 894 718 esset
922 648 1107 719 mediocri
1133 648 1288 725 firmitu-

289 769 398 856 dine;
418 791 515 864 aqua
533 781 657 836 autem
678 767 789 862 copia
807 790 887 835 non
916 765 1066 837 modica
1086 767 1186 839 intra
1215 793 1287 841 cra-

287 887 394 955 nium
424 880 562 955 fuisset.
591 886 686 953 Nam
716 881 1094 980 praeterquamquod
1117 883 1287 955 cerebelli

285 1001 452 1073 lamellas
476 1001 584 1098 potui
618 998 727 1068 nullo
753 999 906 1095 negotio
933 997 1133 1086 diducere3
1162 1025 1286 1098 reapse

285 1143 382 1216 aqua
398 1143 443 1188 ex
461 1116 589 1188 cranio
606 1113 799 1186 effluxerat
818 1140 843 1185 a
860 1114 1068 1186 cervicibus
1085 1133 1286 1213 amputato,

281 1236 424 1309 'endum
443 1254 544 1306 serra
563 1233 934 1319 circumureretur,
952 1229 1148 1321 effluebat,
1170 1250 1209 1307 et
1222 1234 1284 1306 suh

179 1390 182 1391 f
282 1354 389 1429 tenui
406 1351 584 1449 meninge
603 1349 727 1421 adhuc
745 1350 890 1437 inerat3
910 1364 948 1420 et
960 1374 1040 1420 non
1053 1374 1175 1447 pauca
1183 1351 1284 1423 deni-

283 1490 358 1566 que
375 1470 414 1538 in
436 1466 652 1539 lateralibus
667 1466 911 1554 ventriculis,
931 1491 993 1538 me
1010 1467 1212 1539 cerebrum
1223 1523 1236 1557 ,
1247 1484 1284 1540 ut

282 1587 414 1684 sapius
435 1585 557 1672 soleo,
577 1584 616 1653 in
643 1606 710 1653 sua
738 1581 827 1654 sede
853 1598 1022 1668 secante,
1050 1583 1284 1682 deprehensa

280 1717 346 1774 est.
366 1704 425 1772 Sic
443 1716 568 1773 autem
583 1697 705 1771 facere
723 1699 856 1770 solitus
869 1724 953 1771 sum
971 1714 1052 1772 tum
1069 1699 1118 1771 ad
1137 1717 1283 1777 naturu-

279 1820 355 1891 lem
374 1819 536 1916 partium
553 1816 701 1905 sedem,
718 1840 762 1886 ac
783 1817 948 1913 positum
968 1818 1104 1889 certius
1124 1843 1281 1916 cognos-
1322 1896 1324 1899 ,

280 1935 466 2018 cendum,
482 1949 523 2005 ut
536 1935 613 2029 jam
627 1933 717 2004 olim
730 1933 909 2004 adnotavi·
917 1934 957 2002 in
967 1932 1278 2035 Adversariis(1)‚

279 2052 384 2152 quod
398 2068 434 2123 et
449 2066 580 2151 postea
596 2050 658 2121 alii
678 2052 796 2122 secuti
814 2065 918 2140 sunt,
938 2065 978 2121 et
998 2052 1164 2147 majores
1181 2054 1278 2126 indi·

279 2185 429 2258 carunt,
451 2185 493 2240 ut
517 2168 675 2271 opinor,
703 2192 788 2238 cum
817 2192 912 2264 saepe
939 2168 1140 2241 cerebrum
1172 2171 1279 2245 nobis

277 2312 357 2359 non
378 2285 494 2361 modo
512 2310 532 2355 e
553 2286 682 2357 eranio
707 2285 910 2374 eductum,
936 2285 1004 2357 sed
1031 2301 1068 2357 et
1086 2290 1280 2360 cranioin·
1371 2274 1372 2357 ἶ

277 2405 423 2493 sidens,
443 2404 645 2475 dissectum
661 2404 840 2500 pinxere:
856 2405 1063 2475 tumetium
1076 2406 1171 2476 nesi
1187 2403 1280 2478 forte
1371 2386 1372 2391 ἵ

276 2521 393 2596 effusa
412 2546 526 2620 aqua,
546 2534 609 2591 aut
621 2518 758 2607 fluidus
770 2522 921 2617 sanguis
936 2521 1156 2593 ventriculis
1175 2523 1279 2610 insin

276 2655 528 2728 contrectato,
563 2654 601 2709 et
635 2636 878 2709 multifariam
896 2638 1059 2710 dimoto
1095 2639 1280 2728 cerebro,

232 2835 237 2844 ,
272 2760 515 2857 abruptoque
535 2754 799 2845 infundibulo,
819 2771 883 2828 aut
900 2758 1027 2829 locum
1047 2772 1194 2846 mutet,
1217 2774 1278 2831 aut

272 2902 408 2977 magna
428 2901 473 2947 ex
488 2890 591 2972 parte
611 2873 793 2945 elabatur.
807 2875 907 2964 Quin
926 2878 1037 2946 etiam
1056 2900 1105 2947 ne
1124 2901 1172 2946 ex
1190 2878 1278 2974 ipsis

273 2995 417 3067 sinibus
436 2993 588 3089 sanguis
606 3012 685 3061 non
708 3007 933 3079 concretus,
953 2992 1155 3090 amputatis
1174 2994 1277 3065 venis

268 3110 528 3209 jugulandus,
548 3123 611 3179 aut
631 3132 743 3196 cava,
767 3110 960 3207 superiore
978 3110 1209 3208 prasertim,
1224 3107 1277 3183 ef·

270 3228 383 3315 fluat,
409 3252 430 3296 a
453 3228 575 3324 capite
600 3224 865 3298 dissertionem
894 3227 1061 3324 incipere
1087 3225 1274 3322 ejusmodi

270 3344 394 3416 adhue
408 3345 643 3442 integrorum
656 3398 666 3431 ‚
677 3367 884 3440 corporum
898 3343 1221 3445 quandocumque
1230 3344 1274 3414 li·

271 3475 345 3545 cet‚
359 3463 521 3547 institui,
539 3484 785 3559 nousemper
797 3476 921 3533 autem
940 3462 1045 3550 licet,
1063 3476 1129 3532 aut
1141 3461 1194 3534 ob
1204 3461 1273 3533 alia
1370 3534 1371 3555 q

269 3579 606 3667 commodumst,
626 3593 668 3649 ut
686 3604 811 3677 neque
828 3581 869 3649 in
881 3580 957 3651 hoc
973 3578 1053 3650 luit.
1068 3580 1271 3678 Minusque
1370 3606 1371 3657 1

304 3938 348 4018 (r)
368 3941 411 3997 v1
427 3939 528 3996 Anim.
550 3957 614 3995 ιο..
