2862 4668
272 478 297 532 *2
568 462 828 532 trrsro‘nra
864 480 991 535 vtae

273 592 387 666 morti
396 591 1283 699 proximum,promovendaequeutilissimaedis

274 710 422 811 ciplinae
442 725 585 786 natum.

319 832 524 928 Postquam
538 854 584 902 ex
600 829 759 931 ephebis
775 835 935 908 excessit
945 812 1201 927 Moesiacos,
1215 861 1280 939 op·

269 949 399 1021 timam
412 972 521 1049 spem
533 947 638 1022 dedit
655 949 803 1051 linguas
821 965 861 1023 et
874 950 1016 1026 litteras
1032 953 1280 1055 elegantiores

269 1066 505 1157 addiscendi,
538 1090 584 1139 eo
607 1066 764 1166 quidem
785 1065 885 1143 felici
913 1094 1089 1146 successu
1108 1086 1152 1146 ut
1176 1060 1278 1146 anno

271 1185 581 1282 decimoquarto
612 1183 891 1259 adscriberetur
913 1186 1121 1262 Academiae
1151 1181 1278 1264 Patriae

269 1303 548 1404 Filergitarum,
566 1316 605 1374 et
625 1302 877 1403 applaudente
900 1303 1023 1378 choro
1041 1305 1278 1398 auditorum,

157 1521 160 1527 ι
271 1422 483 1493 orationem
501 1421 688 1518 poeticam
703 1421 886 1496 recitaret.
904 1426 1016 1496 Anno
1029 1438 1198 1498 vertente
1217 1449 1279 1499 ca·

268 1538 444 1626 thedram
457 1538 697 1631 conscendit,
710 1554 749 1612 et
757 1554 922 1640 spartam
930 1540 1196 1642 respondentis
1206 1543 1280 1617 sin·

155 1647 167 1656 ’
270 1658 393 1758 gulari
404 1656 594 1730 alacritate
604 1659 770 1748 ornavit;
783 1657 830 1729 de
838 1659 945 1731 omni
954 1682 1012 1749 re,
1030 1683 1279 1760 quaecumque

267 1777 311 1847 in
329 1774 643 1872 disceptationem
658 1787 696 1846 et
708 1775 956 1871 quaestionem
967 1790 1281 1864 vocaretur,eno·

271 1890 357 1964 'date
373 1889 558 1987 judicans.
577 1893 686 1962 Forte
700 1891 822 1962 visum
839 1888 911 1963 fuit
926 1889 1081 1989 quidam
1095 1890 1281 1965 commili-

267 2009 371 2098 toni,
383 2023 425 2080 ut
439 2007 630 2080 distichon
645 2008 686 2078 in
700 2005 851 2080 laudem
862 2006 1098 2083 defendentis
1113 2033 1282 2110 pronun·

271 2127 389 2201 ciaret
406 2127 629 2224 priusquam
653 2142 922 2224 argumentum
948 2126 1142 2200 attulisset.
1173 2129 1283 2199 Mon·

265 2267 440 2334 cunnus,
457 2268 529 2343 pro
549 2245 645 2315 mira
665 2244 809 2342 ingenii
836 2245 937 2331 acie,
961 2244 1123 2316 totidem
1150 2245 1282 2319 versus

267 2363 476 2465 praemisit,
494 2386 584 2433 mox
597 2361 801 2434 antithesin
814 2362 984 2436 modeste
1000 2364 1173 2436 excussit.

325 2481 520 2555 Medicinae
540 2480 666 2553 studio
679 2504 769 2553 sese
788 2479 919 2553 dicans
930 2481 1161 2572 Bononiam,
1183 2479 1281 2555 cele·

273 2599 384 2672 brem
404 2598 494 2671 artis
506 2597 759 2671 Machaonicae
776 2597 986 2691 nutricem,
1001 2596 1096 2672 adiit
1108 2622 1210 2672 anno
1224 2620 1284 2672 se·

276 2717 353 2793 culi
371 2717 577 2815 superioris
592 2717 839 2815 nonagesimo
859 2731 1013 2807 oetam,
1035 2730 1073 2789 et
1084 2715 1284 2789 amicitiam

266 2835 366 2907 iniit
378 2858 467 2909 cum
480 2847 572 2907 tunc
581 2832 804 2906 florentibus
821 2831 1017 2932 discipulis
1032 2830 1190 2906 illustris
1199 2831 1286 2905 stal-

273 2953 400 3055 pighi,
416 2942 559 3025 Ioanne
585 2949 727 3025 Jacobo
750 2949 929 3041 Sandri0,
946 2951 1143 3051 Hippolito
1170 2955 1285 3022 Fran·

269 3072 380 3144 <cisso
398 3070 598 3157 Albertini,
617 3083 656 3142 et
668 3069 835 3142 Antonio
844 3069 962 3142 Maria
970 3068 1161 3156 Valsalva‚
1181 3067 1287 3164 cujus

268 3187 433 3287 :speciali
464 3186 760 3259 manuductione
798 3186 846 3258 ad
876 3188 1112 3259 Anatomiam
1141 3184 1295 3283 gavisus

263 3319 354 3394 est,
372 3320 411 3378 ct
428 3328 543 3403 quem
560 3303 851 3404 integerrimum
870 3302 997 3377 colere
1011 3302 1193 3391 amicum,
1212 3301 1289 3375 uti-

266 3422 356 3496 lem
365 3423 537 3495 venerari
546 3436 817 3522 praeceptorem
827 3440 1014 3521 nusquam
1030 3417 1200 3493 dediscit.
1214 3421 1292 3492 Nec

269 3520 486 3613 ¹defuerunt
493 3538 633 3639 reliqui
645 3539 881 3615 Professores
889 3560 1055 3639 quorum
1066 3560 1139 3638 ope
1157 3539 1198 3608 in
1210 3535 1293 3610 aliis

266 3656 490 3757 disciplinis
508 3678 658 3731 summo
685 3683 773 3732 cum
789 3656 916 3732 fructu
932 3679 1024 3732 usus
1044 3670 1100 3729 est
1118 3668 1187 3726 :at
1206 3676 1294 3727 cum

147 3770 149 3775 ’
269 3777 406 3850 ‘studia
418 3775 670 3876 Philosophiae
685 3777 916 3849 adnormam
928 3776 983 3848 Gl.
993 3779 1056 3847 Du
1069 3771 1211 3860 llamel,
1225 3773 1293 3869 qui
1409 3782 1413 3789 ’

281 3914 324 3968 ea
340 3895 506 3968 metricis
523 3894 758 3969 scholasticis
777 3894 923 3995 primus
940 3891 1089 3980 eduxit,
1107 3912 1290 3961 renovem

281 4015 468 4113 coepisset,
475 4009 712 4112 ophthalmia
721 4013 824 4112 gravi
833 4008 993 4087 afflictus
1002 4020 1077 4098 est,
1096 4008 1179 4106 qnae
1192 3998 1313 4081 acer-⁴
