2862 4668
233 470 307 520 rur.
328 470 433 543 ‘nna
459 466 597 519 uorms
621 467 780 535 camus,
804 468 917 519 urrsr.
945 471 971 519 1.
1060 448 1107 547 73

105 599 388 686 praegravante,
423 599 461 657 et
508 598 644 683 praeter
675 583 833 656 modum
868 583 1107 658 distendente

105 700 267 799 ejusde
299 702 418 802 copia.
450 702 533 791 Qua
565 715 609 774 ut
630 700 875 776 vehementer
901 717 1107 800 urgeantur

105 834 235 893 caeterae
260 819 384 895 etiam.
401 820 623 916 meningum
649 834 797 917 partes,
824 819 1107 895 observationes

106 961 255 1037 quoque
277 934 497 1026 ostendent,
508 935 556 1007 ad
568 936 666 1008 hanc
681 936 862 1010 addendae
871 936 1107 1039 Sepulchreti

105 1056 259 1152 primam
276 1055 483 1128 sectionem
498 1069 638 1152 utputa
645 1080 727 1153 quae
739 1060 979 1127 aBnnnrusro
990 1053 1057 1151 (ι),
1070 1067 1108 1126 et

105 1196 180 1269 quae
193 1176 408 1245 aPncussto
417 1170 472 1270 (a)
486 1170 621 1245 habitae
634 1186 733 1246 sunt.
754 1174 922 1269 Uterque
937 1171 1038 1241 enim
1048 1171 1106 1242 vir

108 1287 221 1362 clarus
234 1289 301 1361 vix
316 1289 446 1361 cultro
455 1288 503 1362 ad
520 1289 692 1363 laterales
713 1288 861 1361 cerebri
876 1285 1106 1377 ventriculos

107 1408 295 1504 pervenit,
316 1430 403 1482 eum
418 1406 586 1482 inclusus
605 1407 746 1481 humor
766 1431 845 1478 non
865 1405 944 1479 sine
961 1406 1107 1504 impetu

108 1545 247 1596 sursum
258 1525 458 1623 prosiluit3
473 1521 706 1599 tantafuerat
718 1524 799 1622 ejus
813 1523 938 1622 eopia,
950 1536 987 1599 et
1003 1536 1107 1594 tanta
1153 1610 1155 1614 v

109 1639 157 1711 ris
179 1644 253 1738 qua
281 1628 444 1740 parietes
475 1657 513 1715 et
541 1644 759 1740 meningem
776 1640 848 1714 hos
882 1641 1105 1713 vestientem

111 1756 279 1856 urgebat!
296 1761 427 1858 Itaque
442 1761 580 1832 mirum
591 1774 751 1850 nonest,
765 1759 797 1832 si
811 1756 1106 1857 dolorcscapitis

110 1897 217 1972 usque
240 1874 341 1949 adeo
360 1878 544 1951 immanes
560 1875 729 1967 luminu·
745 1892 786 1950 ut
806 1900 993 1977 aegrorum
1012 1875 1108 1947 alter

109 1992 243 2067 miseris
261 2019 352 2066 cum
370 1991 639 2092 ejulationibus
654 1995 762 2092 quasi
779 1994 974 2083 deliraret,
991 1990 1117 2065 alterax

110 2104 225 2180 lurore
244 2110 392 2210 percita
409 2112 451 2179 in
468 2124 625 2208 puteum
644 2134 682 2182 se
697 2112 928 2209 praecipitem
949 2109 1106 2181 dederit.

111 2227 274 2304 Ostendit
310 2238 437 2299 autem
458 2228 656 2297 Pnuussrns
685 2238 768 2297 turn
797 2224 862 2294 illa
880 2278 890 2314 ‚
905 2240 1001 2296 ¹tum
1027 2225 1108 2299 aliis

114 2341 251 2419 duabus
277 2338 610 2417 observationibus
629 2339 695 2439 (3)
713 2339 922 2438 quo'latere
941 2355 1006 2414 aut
1025 2367 1108 2415 om·
1223 2416 1225 2423 ,

113 2461 213 2553 nino,
226 2478 294 2535 aut
311 2460 496 2558 praecipue
516 2471 628 2556 caput
641 2455 777 2548 doluit,
788 2458 872 2556 ejus
884 2458 1010 2532 lateris
1019 2485 1108 2534 ven·

113 2578 278 2651 triculum
296 2592 362 2648 aut
379 2575 521 2667 solum,
533 2589 599 2648 aut
617 2575 730 2674 longe
747 2578 868 2674 magis
885 2601 983 2674 aqua
994 2572 1108 2655 fuisse

116 2690 331 2789 distentum,
353 2716 471 2791 eaque
500 2691 691 2766 interdum
724 2693 1010 2792 limpidissima,
1035 2719 1108 2767 nec

115 2810 226 2885 minus
235 2816 365 2885 tamen
384 2813 513 2901 noxia,
534 2832 650 2909 quam
662 2806 835 2883 subllava.
845 2813 941 2881 Nam
952 2811 1013 2883 vel
1027 2834 1107 2882 ma·
1205 2885 1209 2891 ,

115 2927 199 3001 xime
220 2929 381 3030 limpida
404 2930 578 3003 occulere
598 2921 820 3026 potest'quae
839 2926 1047 3015 stimulent,
1064 2944 1108 3004 ut
1228 3025 1230 3028 Ι

117 3068 214 3145 supra
227 3047 301 3146 (4)
318 3048 413 3138 dixi,
432 3061 469 3120 et
489 3049 719 3121 Conansnuu
740 3043 796 3144 (ὅ)
817 3045 976 3119 historia
1001 3071 1106 3119 com-

117 3163 240 3259 probat
264 3167 306 3237 in
334 3189 410 3264 qua
428 3160 575 3238 cerebri
593 3162 691 3236 latus
717 3156 938 3253 dexterum}
955 3164 1002 3237 ad
1031 3162 1107 3239 hoc

119 3281 206 3352 enim
224 3283 323 3356 latus
341 3281 572 3356 acerbissimi
588 3279 739 3354 dolores'
759 3283 878 3383 magis
895 3279 1107 3356 declinave-

417 3406 421 3412 >=
612 3390 616 3401 ’
675 3398 686 3427 ι·

115 3469 1112 3501 mm

155 3989 196 4072 (⁵)
213 3999 280 4069 Aet.
292 3937 365 4075 lits,
379 4009 402 4058 t.
417 4019 446 4076 7,
463 4000 527 4061 obs.
539 4006 589 4076 74·
