2774 4670
324 429 395 525 476
486 452 533 499 ns
561 451 707 499 sumnus
733 453 777 499 rr
803 452 926 500 crusis
953 453 1161 501 moruorum

325 567 389 652 sit3
407 589 493 652 cur,
513 565 636 634 exilia
662 579 766 662 parte
789 566 820 637 si
838 567 922 662 quis
940 564 1064 637 morbi
1088 588 1227 636 causam
1246 561 1295 633 de-

324 696 418 767 mat,
438 680 595 751 morbus
619 681 781 778 amplius
800 705 879 753 non
905 683 1129 766 revertitur?
1154 685 1296 750 Prosunt

325 797 511 894 ejusmodi
527 800 765 873 curationum
786 799 954 896 exempla
968 800 1007 868 in
1017 815 1205 885 veterum,
1218 813 1248 866 et
1255 821 1296 866 re·

327 917 492 987 centium
507 915 740 987 medicorum
759 915 874 987 libris.
893 918 985 988 Satis
1012 932 1090 988 esto
1116 942 1162 986 er
1181 914 1245 984 illis
1255 914 1297 981 in·

327 1031 451 1103 dieare
462 1036 629 1103 Marcum
641 1034 868 1104 Gatinariam
879 1032 951 1129 (1),
966 1033 1004 1104 id
1020 1059 1099 1127 non
1114 1031 1297 1129 prlaecipier·

326 1163 402 1219 tem
418 1149 551 1237 modo,
566 1150 630 1221 sed
645 1166 681 1221 et
698 1174 761 1221 sua
771 1149 957 1247 producta
967 1149 1298 1221 observatinueeon·

326 1250 561 1335 firmantem:
583 1291 628 1335 ex
648 1266 705 1336 his
723 1280 845 1336 autem
863 1265 1072 1353 medicum,
1090 1263 1138 1334 de
1159 1286 1231 1359 quo
1248 1283 1298 1328 ue

329 1382 439 1450 minit
449 1379 625 1452 celeberr.
642 1384 862 1454 Swietenius
872 1382 943 1478 (a),
962 1407 1068 1454 casus
1077 1383 1300 1475 internoscere

329 1498 463 1569 diserte
483 1500 623 1577 docens
642 1499 716 1596 (3),
735 1503 775 1571 in
792 1500 930 1597 quibus
946 1500 1148 1571 Willisium
1165 1496 1257 1593 sequi
1269 1492 1299 1562 li·

332 1608 429 1703 eeat‚
448 1615 495 1686 ab
513 1617 556 1688 iis
570 1618 609 1686 in
627 1602 765 1714 quibus
786 1643 866 1688 non
883 1618 1010 1704 liceat,
1030 1642 1119 1687 cunr
1138 1616 1209 1687 sint
1229 1625 1300 1682 cene

331 1734 370 1802 in
389 1733 528 1829 quibus
546 1735 733 1832 epilepsiae
752 1736 901 1807 initium
918 1737 1142 1830 neutiquam
1164 1733 1202 1801 in
1228 1752 1302 1799 cere·

331 1849 402 1921 bro
422 1850 524 1922 credi
540 1867 681 1948 potest,
707 1877 844 1950 nempe
867 1868 924 1924 tot
948 1852 1061 1939 illiin
1079 1851 1156 1921 hoc
1183 1845 1311 1947 quidem.

334 1992 469 2064 genere
491 1969 610 2061 multo
637 1967 913 2067 frequentiores
938 1994 1035 2065 quos
1064 1966 1303 2065 produximus

333 2085 373 2153 in
393 2083 551 2180 quibus,
575 2101 617 2156 ut
633 2087 713 2181 ejus
736 2101 888 2157 utamur
902 2086 1047 2173 verbis,
1071 2108 1215 2183 semper
1228 2085 1304 2175 sign

234 2211 254 2216 ”
336 2206 541 2299 incipientis
560 2209 788 2300 paroxysmi
814 2209 851 2272 in
872 2201 1004 2273 eadem
1033 2205 1203 2307 cerporis
1225 2207 1305 2294 parte

338 2320 598 2405 observantem
615 2344 694 2389 non
711 2326 748 2387 in
764 2323 901 2406 variis,
922 2319 997 2388 sive
1015 2319 1055 2386 in
1076 2318 1160 2387 aliis
1184 2314 1267 2385 alias.
1281 2306 1305 2375 Si

337 2435 453 2532 igitur
471 2460 550 2506 nou
566 2437 606 2505 in
626 2435 785 2507 cerebro
802 2435 971 2522 initium3
991 2458 1061 2505 nec
1080 2433 1131 2504 ab
1159 2454 1247 2528 aqua
1263 2424 1306 2496 de·

341 2551 429 2622 duci
438 2554 577 2650 poterit
587 2554 625 2621 in
643 2551 799 2622 cerebro
816 2567 1019 2649 stagnante.
1033 2556 1191 2637 Verum,
1205 2561 1242 2618 ut
1252 2565 1305 2614 non

311 2734 315 2742 ,
340 2671 456 2742 modo
477 2670 632 2741 candide
650 2671 805 2767 agnovi,
821 2669 886 2741 sed
901 2686 939 2741 et
956 2671 1074 2741 multo
1094 2667 1211 2740 fusius
1226 2683 1306 2761 quau

342 2812 438 2885 opus
457 2802 569 2876 esset,
588 2788 660 2857 nisi
676 2785 724 2856 ad
742 2800 779 2856 te
796 2770 1020 2874 scriberem,
1047 2787 1116 2883 qui
1135 2811 1156 2854 a
1180 2807 1234 2853 me
1255 2780 1307 2847 het

343 2907 533 3002 speciatim
543 2905 704 3001 requiris
715 2958 724 2992 ,
735 2901 974 2992 confirmavi,
990 2902 1133 2975 multos
1150 2927 1223 2974 esse
1234 2916 1307 2970 casus

343 3024 383 3093 in
403 3023 541 3120 quibus
558 3022 759 3115 comitialis
777 3021 933 3094 morbus
954 3023 1000 3093 ab
1018 3046 1116 3118 aqua
1144 3023 1234 3091 intra
1255 3034 1306 3083 cra·

345 3142 450 3211 nium
472 3137 588 3210 effusa
606 3163 683 3208 non
711 3136 813 3225 fieri,
842 3163 912 3210 nec
933 3137 1016 3210 fieri
1029 3137 1200 3210 videatur
1216 3151 1307 3231 posse3

346 3258 562 3330 itavieissim
573 3255 666 3326 mihi
679 3254 846 3326 dandum
857 3255 1141 3347 esse,arbitr0r‚
1150 3278 1222 3326 esse
1235 3265 1308 3321 casus

348 3377 388 3449 in
402 3374 542 3472 quibus
555 3389 685 3445 contra
701 3374 761 3445 vel
776 3398 797 3444 a
815 3398 934 3472 pauca
946 3398 1043 3470 aqua
1062 3371 1147 3444 fieri
1162 3379 1271 3468 queat:
1285 3355 1308 3428 id

350 3492 454 3590 quod
473 3505 559 3589 post
577 3493 786 3588 proximam
805 3491 1107 3563 observationem
1122 3483 1295 3562 ostendam.

350 3656 1303 3691 mm

392 3794 436 3871 (1)
456 3797 501 3850 De
513 3796 591 3850 Cura
602 3794 753 3871 AEgritud.
770 3793 824 3849 ubi
836 3746 873 3851 de
890 3794 1049 3875 Epilepsie.

391 3894 435 3972 (a)
456 3897 567 3951 Cnmm.
580 3894 612 3948 in
624 3895 730 3953 Boerht
745 3895 824 3969 Aph.
840 3898 855 3967 S
874 3893 962 3967 1084.

394 3994 438 4073 (3)
454 3995 531 4051 Ibid.
544 3994 583 4051 ad
595 3997 611 4065 §
625 3993 710 4066 1078.
