2780 4666
185 442 256 491 rm.
283 445 308 491 1.
327 445 383 492 ua
398 440 545 493 mouns
560 443 726 516 carrrrs,
752 445 863 509 urrsr.
891 446 940 492 vr.
1001 419 1070 494 333

72 578 115 626 eo
129 555 268 656 legitur
279 556 378 628 libro
393 557 460 655 qui
481 558 580 631 inter
598 559 882 655 Hippocraticos
909 559 1071 629 circum-

72 670 207 762 fertur,
227 675 432 772 inscriptus
449 674 497 744 de
512 675 671 751 hommis
690 674 966 771 structuro(1),
990 700 1074 755 cum

74 791 258 861 cerebrum
255 790 414 887 frigidis
430 792 647 862 humoribus
663 790 842 889 repletum
845 792 977 882 fuerit,
987 788 1086 863 hinc

69 913 278 1001 passionem
301 933 387 1005 quoe
411 908 599 1004 lethargus
625 907 860 1006 appellatur,
885 908 1073 981 hominem

76 1046 273 1121 occupare,
294 1024 352 1112 id,
376 1025 405 1096 si
427 1024 540 1096 latius
560 1025 753 1121 aliquanto
778 1026 957 1123 accipias,
980 1023 1071 1110 hac,

77 1139 310 1236 caeterisque,
328 1154 371 1211 ut
385 1133 568 1227 diximus,
587 1140 627 1210 in
637 1139 875 1238 hacepistola
887 1140 1074 1215 dissectio·
1110 1191 1112 1195 -

78 1252 180 1326 nibus
209 1253 477 1328 confirmatum
496 1256 624 1357 vides,
651 1256 871 1355 duabusque
894 1272 1073 1356 praeterea

80 1369 151 1445 aliis
166 1373 213 1443 ad
230 1397 429 1473 soporosas
449 1398 602 1471 quoque
620 1371 838 1447 affectiones
851 1376 1072 1472 pertinenti-

79 1484 159 1575 bus,
190 1512 275 1586 quae
291 1491 534 1563 dissectiones
554 1492 594 1562 in
620 1496 649 1561 I.
669 1490 741 1589 (a),
761 1506 808 1567 »ct
828 1496 871 1564 ll.
894 1490 952 1587 (3)
970 1490 1071 1568 adte

82 1604 246 1699 epistolas
262 1607 442 1701 conjectu
458 1621 565 1693 sunt,
583 1621 620 1677 et
634 1603 789 1680 fortasse
805 1607 884 1677 aliis
900 1608 1010 1679 etiam
1021 1608 1071 1675 vi-

84 1716 199 1807 debis,
217 1736 261 1796 ut
285 1735 385 1793 certe
414 1746 457 1793 ea
482 1721 667 1818 adquam
692 1723 762 1794 tibi
784 1721 1072 1805 describendam
1124 1724 1132 1731 “

83 1846 242 1930 transeo,
258 1837 413 1936 quando
425 1840 465 1909 in
480 1836 738 1936 superioribus
750 1837 883 1911 litteris
899 1838 954 1936 (4)
968 1840 1072 1937 quod

86 1949 258 2026 habebam
279 1955 404 2028 dicere
424 1955 470 2027 de
500 1954 731 2055 corpusculis
749 1954 853 2028 duris
873 1957 913 2026 in
935 1957 1075 2055 pineali

86 2067 250 2163 glandulis
263 2068 346 2146 'non
363 2074 414 2144 ita
430 2099 517 2146 raro
529 2073 836 2163 occurrentibus,
853 2073 1072 2151 dictumest.

129 2193 177 2275 14.
191 2191 259 2262 Vir
274 2205 441 2279 exterus,
457 2193 585 2289 isque,
603 2208 648 2263 ut
659 2190 876 2279 videbatur,
891 2193 1074 2289 quinqua-

88 2308 246 2400 genarius
270 2309 311 2378 in
333 2310 555 2381 nosocomio
578 2309 754 2381 Patauino
777 2335 823 2381 ex
847 2310 1074 2407 pulmonum

86 2420 366 2499 inflammatione
393 2451 479 2498 cum
505 2451 688 2524 soporoso
712 2451 781 2523 per
803 2442 967 2523 quatuor
995 2426 1074 2503 dies

87 2536 229 2632 affectu,
246 2557 421 2616 mortuus
439 2558 518 2614 erat
542 2562 672 2615 mense
695 2544 830 2615 martio
852 2544 943 2613 anni
971 2569 1072 2640 1717.

87 2656 297 2733 Acadavere
311 2675 548 2759 amputatum
559 2675 689 2756 caput,
707 2653 920 2731 et'detracta
932 2661 1074 2757 genita·
1086 2639 1115 2671 ’κ

86 2769 144 2864 lia,
162 2776 306 2866 adme,
329 2792 408 2848 tum
432 2776 529 2848 forte
555 2774 727 2873 quaedam
750 2774 797 2849 de
824 2791 1075 2873 utrorumque

88 2901 259 2965 structura
273 2916 544 2993 recognoscere
564 2894 799 2991 cupientem,
813 2889 1022 2981 afferenda,
1033 2909 1076 2977 ut

88 3005 267 3101 solebant,
283 3025 463 3082 curarunt
479 3011 551 3080 viri
565 3010 777 3096 clarissimi,
800 3010 966 3106 quitum
983 3008 1077 3081 mihi

87 3120 121 3191 in
147 3127 332 3226 'plerisque
363 3126 591 3202 sectionibus
627 3126 828 3222 adjutrices
859 3126 1078 3224 praebebant

88 3260 225 3332 manus,
249 3247 291 3316 iu
316 3245 560 3344 publicorum
587 3241 845 3343 professorum
874 3268 1076 3317 numerum
1200 3244 1205 3253 ’

88 3374 203 3450 postea
218 3363 455 3436 meritissime
474 3362 630 3451 adlecti,
653 3361 773 3433 Julius
790 3362 1021 3451 Pontedera,
1040 3377 1077 3437 et
