2774 4666
205 447 274 494 mr.
302 447 328 494 1.
356 441 884 508 nrrronmsoirrrrs,rr1sr.
912 444 960 493 iv.
1019 426 1089 495 223

66 564 151 634 tius
168 584 211 634 se
227 559 448 649 involverat.
461 562 625 631 Dextero
636 556 799 628 ⁴brachio
810 560 929 656 magis
945 574 1024 631 erat
1036 585 1090 631 re-

68 680 233 767 soluto,
259 692 373 775 caput
399 676 615 762 attollebat,
639 691 676 748 et
699 675 907 748 conabatur
932 679 962 748 si
984 676 1091 774 loqui

70 812 223 897 posset.
243 799 398 867 Servare
414 810 542 866 tamen
563 818 642 864 non
662 808 887 893 potuerunt:
908 819 994 865 nam
1014 797 1089 867 sive

69 941 93 987 a
111 939 229 986 mora
246 936 345 1013 aqua
361 913 485 983 aerior
512 908 629 1000 facta,
653 911 729 983 sive
746 912 864 983 mavis
887 935 984 982 nova
1002 910 1091 983 ellu-

71 1036 188 1106 sione
204 1045 314 1103 aucta
330 1030 541 1128 graviorem
567 1029 728 1100 alterum
753 1028 934 1101 insultum
959 1031 1091 1103 attule-

70 1151 148 1238 rit,
166 1150 246 1220 sive
265 1148 402 1220 sensim
419 1149 538 1245 magis
554 1160 667 1243 atque
682 1147 799 1244 magis
813 1146 986 1244 urgendo
1001 1171 1092 1217 con-

73 1265 233 1354 fecerit,
251 1265 395 1335 decima
412 1290 458 1336 ex
469 1288 548 1361 quo
566 1264 617 1335 sic
635 1265 811 1336 inventus
833 1261 954 1335 luerat
974 1263 1092 1351 hora,

74 1387 311 1481 intempesta
324 1398 455 1469 nocte,
470 1380 623 1452 vivendi
637 1378 753 1451 finem
773 1376 870 1451 fecit.

126 1500 277 1572 Mortui
312 1522 452 1595 corpus
488 1497 771 1594 diligentissime
791 1550 800 1585 ,
837 1495 1090 1568 studiosorum

74 1639 241 1716 quoque
262 1616 379 1714 gratia
393 1613 699 1700 adolescentum,
724 1637 794 1710 per
814 1613 958 1710 aliquot
974 1613 1053 1686 dies
1071 1640 1093 1686 a

75 1732 195 1804 nobis
212 1730 501 1830 perlustratum,
517 1729 597 1801 haec
609 1728 742 1800 habuit
755 1728 981 1801 adnotanda.
991 1735 1091 1802 Ven-

76 1866 138 1922 tre
158 1845 371 1948 patefacto,
393 1848 515 1918 vesica
530 1848 697 1918 urinaria
723 1847 865 1934 statim,
895 1862 1092 1919 omentum

78 1992 174 2040 vero
186 1989 267 2036 non
280 1963 351 2035 nisi
362 1963 580 2061 quaesitum,
596 1985 636 2035 se
651 1961 837 2051 ostendit,
853 1977 975 2034 totum
991 1968 1092 2037 enim

80 2087 185 2156 inter
204 2081 474 2168 ventriculum,
497 2095 534 2151 ct
559 2079 650 2152 huic
675 2078 886 2176 subjectum
910 2082 1023 2154 colon
1040 2086 1093 2155 in·

81 2203 265 2275 testinum
289 2195 438 2271 latebat.
464 2198 708 2271 Ventriculus
729 2196 837 2268 valde
860 2216 1093 2289 contractus,
1124 2190 1126 2193 ⁵

83 2302 226 2390 mirum
242 2317 282 2387 in
298 2311 485 2411 ejusmodi
500 2312 656 2385 homine
667 2314 727 2386 vel
746 2330 833 2412 post
851 2318 1091 2389 novissimam

83 2436 189 2507 illam
219 2432 413 2520 iuaediam3
432 2446 469 2502 et
486 2455 616 2519 sanuS,
640 2433 711 2503 nisi
735 2433 838 2529 quod
862 2435 1023 2506 exterius
1052 2437 1091 2505 in

85 2552 214 2625 medio
237 2549 344 2623 faciei
365 2550 584 2649 posterioris
601 2548 841 2621 tuberculum
860 2566 939 2622 erat
958 2554 1092 2627 subro-

86 2671 272 2758 tundum,
299 2667 512 2740 ventriculo
540 2682 666 2737 tamen
687 2667 869 2741 concolor
889 2669 994 2765 quod
1013 2695 1093 2744 sec-

88 2804 169 2861 tum
185 2812 232 2858 ex
245 2786 375 2858 eadem
395 2784 478 2856 fieri
495 2782 701 2856 substantia
717 2788 836 2857 visum
854 2800 930 2873 est,
949 2811 994 2858 ex
1014 2814 1093 2886 qua

85 2906 276 3005 pleraeque
295 2901 398 2974 fibrae
417 2900 626 2976 ventriculi.
636 2905 741 2973 Tunc
750 2901 798 2974 ad
814 2904 1092 3002 vesicam,quae,

87 3017 267 3091 tenuibus
281 3018 473 3091 intestinis.
490 3039 637 3088 sursum
661 3016 885 3111 compulsis,
908 3016 1024 3094 ferme
1044 3024 1092 3096 ad

87 3135 309 3208 umbilicum
324 3157 444 3231 usque
462 3157 500 3204 se
518 3129 764 3217 extendebat,
777 3132 926 3224 oculos,
945 3162 1093 3213 manus-

88 3282 161 3353 que
184 3267 466 3338 convertentes,
491 3265 609 3321 totam
637 3249 868 3347 pinguedine
896 3271 1093 3351 opertam,

88 3371 180 3444 lotio
193 3386 321 3442 autem
340 3370 561 3455 distentam,
575 3383 617 3438 ut
636 3389 725 3437 mox
745 3384 913 3443 ureteres
929 3377 1092 3470 pariter,

89 3508 124 3564 et
139 3516 267 3580 renes,
283 3488 614 3589 deprehendimus.
633 3489 679 3557 Hi
693 3513 848 3587 quoque
863 3491 1093 3588 pinguedine

89 3609 246 3682 obducti
272 3623 400 3696 erant,
433 3628 551 3703 eaque
575 3606 758 3703 plurima,
791 3605 904 3694 dura,
927 3608 1092 3706 ipsisque

89 3727 292 3798 arctissime
321 3722 544 3795 adhaerente.
574 3721 698 3793 Ambo
733 3724 894 3795 exterius
921 3724 1094 3821 inaequali

90 3840 306 3940 superficie,
323 3865 392 3911 nec
403 3841 482 3931 sine
494 3837 643 3910 indiciis
654 3854 733 3910 tum
742 3842 894 3927 veteris,
907 3855 987 3912 tum
1000 3866 1092 3938 prae·

90 3961 203 4032 sentis
221 3960 302 4037 vitii
317 3959 501 4046 ulcerosi,
517 3958 677 4029 interius
689 3982 779 4029 vero
793 3973 936 4053 quanto
946 3959 1093 4052 majori,
