2798 4668
271 464 344 539 628
437 485 485 534 ua
510 482 656 531 scurrus
680 481 725 529 ar
749 480 873 529 causis
898 481 1111 530 uonronvu

270 612 386 674 teret
403 620 586 695 suspense
602 620 718 669 manu
735 595 948 694 sejungere,
976 593 1207 692 evidensque
1223 618 1275 666 es-

272 733 329 795 set
355 730 504 789 caeteras
525 712 699 786 medullae
723 713 869 784 tunicas
889 711 929 782 in
949 736 1070 783 unum
1098 735 1187 784 cum
1215 712 1275 783 iis·

274 835 360 909 dem
378 832 584 934 parietibus
602 831 794 904 coaluisse.
813 818 891 903 Nec
903 827 1082 902 diffluens
1102 845 1183 903 erat
1202 855 1277 901 me·

275 953 395 1040 dulla,
409 950 475 1026 scd
491 950 603 1022 etiam
624 962 705 1020 turn
720 948 807 1021 satis
824 944 954 1036 firma,
972 947 1077 1046 quod
1089 972 1162 1046 ego
1183 947 1280 1018 inter

277 1069 415 1169 digitos
432 1066 643 1168 premendo
661 1065 831 1166 percepi,
851 1080 888 1138 et
906 1090 996 1137 mox
1011 1065 1052 1136 in
1069 1079 1281 1137 transverse

275 1188 412 1275 incisa,
438 1185 644 1259 substantia
671 1182 917 1256 circumcirca
945 1182 1124 1272 candida,
1149 1184 1280 1254 intima

276 1306 444 1393 cinerea,
472 1306 524 1379 sic
553 1305 639 1376 satis
654 1301 788 1399 ,solida
815 1316 999 1399 utraque,
1031 1298 1279 1373 confirmavit

275 1421 432 1520 Amplus
449 1437 575 1493 autem
588 1434 667 1491 erat
680 1443 970 1518 quoquoversus
986 1419 1148 1491 tumoris
1166 1418 1280 1503 sinus,

277 1541 392 1611 osseis
422 1537 653 1610 lumbarium
678 1538 850 1607 omnium
879 1535 1140 1608 vertebrarum
1169 1534 1281 1632 parti·

276 1655 349 1726 bus
365 1679 446 1750 quae
465 1679 486 1724 a
504 1668 611 1751 tergo
627 1676 707 1724 esse
726 1653 864 1741 solent,
878 1653 918 1723 in
935 1651 1052 1724 latera
1070 1651 1281 1750 depressis,

278 1771 531 1868 absumptisve
551 1767 599 1840 ad
620 1794 748 1841 earum
773 1793 894 1868 usque
917 1794 1098 1867 corpora,
1120 1795 1204 1866 quae
1227 1783 1283 1839 tu·

278 1876 396 1959 moris
412 1887 592 1985 parietem
611 1888 839 1959 anteriorem
865 1885 1062 1959 faciebant.
1087 1887 1202 1959 Nulla
1225 1910 1281 1957 us·

279 2029 393 2103 quam
406 2002 581 2102 putredo,
590 2005 759 2100 nigrities
771 2004 887 2074 nulla.
898 2005 974 2075 Etsi
984 2029 1067 2100 quae
1079 2003 1150 2077 tibi
1161 2028 1283 2074 narra·

278 2123 335 2207 vi,
356 2121 484 2191 omnia
502 2134 579 2189 tam
590 2133 691 2190 certe
702 2122 876 2217 perspexi
889 2145 1004 2218 quam
1021 2147 1105 2218 quae
1124 2122 1281 2193 certissi-

215 2233 220 2241 ’
278 2263 357 2326 me;
371 2235 545 2308 medullae
560 2250 687 2311 tamen
701 2238 827 2334 ipsum
840 2260 980 2335 corpus
992 2264 1070 2309 non
1083 2240 1132 2311 ad
1144 2239 1282 2338 primas

280 2353 501 2427 lumborum
520 2351 727 2448 subsistens
738 2353 945 2443 vertebras,
965 2354 1029 2427 sed
1046 2355 1094 2427 ad
1104 2381 1148 2428 os
1166 2380 1282 2454 usque

280 2495 429 2545 sacrum
458 2468 766 2569 propemodum,
805 2485 848 2542 ut
881 2471 1001 2543 oculis
1033 2472 1283 2571 manibusque

263 2589 449 2687 percepi,
468 2588 697 2687 productum
716 2604 813 2678 erat,
836 2614 884 2661 an
909 2591 959 2662 ob
977 2593 1207 2691 peculiarem
1223 2591 1284 2664 hic

281 2706 534 2777 structuram?
551 2728 598 2774 an
616 2705 704 2802 quia
724 2720 825 2776 arcte
844 2707 945 2778 inter
960 2708 1063 2779 initia
1085 2712 1284 2807 posteriori
1341 2698 1346 2707 ⁸

280 2822 443 2893 tumoris
456 2821 589 2920 parieti
604 2844 814 2911 annexum,
833 2839 875 2895 ut
887 2823 951 2894 hic
963 2828 1102 2898 sensim
1116 2828 1284 2901 increve-

280 2954 359 3028 rat,
379 2953 667 3035 extrorsumque
689 2963 726 3010 se
748 2956 986 3030 curvaverat,
1004 2943 1143 3015 sensim
1162 2945 1286 3042 ipsum

281 3081 437 3155 quoque
453 3058 577 3152 sequi,
596 3057 771 3154 augerive
785 3059 973 3154 potuerit?
993 3059 1036 3130 Id
1054 3060 1169 3157 igitur
1182 3063 1284 3159 cupi·

284 3173 376 3245 dum
393 3198 453 3245 me
471 3172 609 3246 fecerat
631 3175 846 3271 superiores
866 3198 983 3272 porro
1007 3175 1222 3264 vertebras,
1251 3191 1286 3248 et

284 3292 399 3388 caput
415 3290 600 3389 denique,
624 3316 804 3389 magnum
823 3292 939 3382 adeo,
966 3294 1176 3393 aperiendi,
1195 3320 1285 3394 praa-

285 3410 418 3480 sertim
438 3434 526 3480 cum
544 3409 619 3481 hoc
639 3433 877 3509 compresso,
897 3435 1114 3509 quanquam
1134 3415 1286 3486 minime

250 3534 256 3540 '
284 3518 417 3598 cedere
440 3528 561 3598 visum
584 3525 724 3617 fuerat,
748 3552 852 3625 aquae
874 3527 1017 3626 aliquid
1037 3554 1082 3601 ex
1108 3546 1283 3601 evacuato

283 3658 452 3733 tumore,
472 3658 674 3742 antequam
694 3670 715 3716 a
736 3644 847 3716 nobis
874 3645 1154 3735 recluderetur,
1177 3672 1282 3738 casu,

283 3777 326 3831 ut
351 3763 506 3860 opinor,
533 3763 754 3855 excidisset,
774 3787 862 3834 nam
883 3788 929 3834 eo
951 3763 1129 3852 dissect0,
1149 3781 1186 3837 et
1207 3781 1282 3837 tum

282 3879 419 3949 iterum
445 3903 678 3978 compresso,
699 3883 820 3979 capite
841 3880 946 3952 nulla
971 3881 1119 3952 excidit.
1142 3886 1279 3954 Verum

281 4019 405 4092 neque
424 4011 591 4097 tempus,
611 4024 736 4096 neque
757 3999 881 4091 locus,
903 4023 1030 4097 neque
1047 4000 1279 4099 potissimum
