2782 4668
167 506 235 554 eru.
263 507 287 553 1.
316 480 841 574 nr'uounrscsrrrrs,ur1sr.
867 508 948 559 vm.
980 486 1072 576 '403
1115 576 1121 591 x
1173 496 1176 503 “

77 634 138 690 eus
155 620 344 691 occiderat
357 619 402 691 ac
416 622 447 693 is
465 623 620 695 insanus
643 622 689 694 de
714 627 790 720 quo
810 624 849 693 in
869 625 1071 733 novissime
1194 698 1197 703 .

76 734 226 807 historia
254 736 450 810 retulimus
480 738 535 835 (ι)
559 766 567 807 :
590 740 698 836 cujus
726 742 858 812 mortis
884 743 1073 814 internam
1147 799 1150 805 .

77 867 230 924 causam'
243 880 324 925 non*
344 856 464 927 multo
487 857 602 955 magis
617 883 732 954 quam
754 859 793 928 in
811 852 988 930 damnato
1007 859 1073 930 illo

77 973 238 1066 aspectui
256 978 539 1061 occurrentem,
562 999 607 1044 ex
628 999 670 1045 ea
689 999 840 1072 posseS,
864 1000 978 1072 quam
999 977 1075 1047 Lit-

77 1088 164 1157 trius
190 1091 391 1188 proponit,
416 1092 625 1189 conjicere,
652 1093 686 1163 si
710 1092 841 1189 eadem
870 1091 1074 1190 utrobique

78 1206 330 1278 animadversa
353 1223 497 1297 essent,
516 1233 587 1282 nec
616 1208 678 1281 ilie
703 1234 747 1280 ex
777 1209 958 1282 densitate
984 1211 1074 1299 ista,
1174 1216 1176 1219 ’

77 1334 252 1419 tanquam
276 1324 322 1394 ab
344 1328 421 1395 ictu
441 1324 645 1422 producta,
665 1340 862 1424 repeteret.
884 1330 1075 1398 Fautonns

64 1453 196 1508 ,autem
209 1439 270 1511 vel
288 1442 328 1510 in
344 1439 475 1513 tenero
495 1441 637 1515 infante
658 1442 712 1540 (a)
733 1467 845 1541 quem
866 1442 1076 1514 convulsio·

81 1579 141 1626 nes
155 1557 446 1648 interemerant,
466 1559 610 1631 cerebri
626 1562 872 1631 substantiam
892 1558 1076 1630 medulla-

80 1695 169 1759 rem,
186 1689 226 1743 et
236 1674 477 1771 oblongatam
486 1675 690 1747 medullam
700 1676 934 1746 durissimam
945 1674 1076 1775 depre-

80 1786 228 1860 hendit:
251 1791 297 1862 de
308 1793 422 1888 cujus
440 1785 495 1863 rei
515 1793 634 1864 causis
657 1817 751 1888 quas
771 1793 1024 1887 conjecturas,
1039 1807 1077 1863 et

80 1929 183 2000 quam
218 1924 325 1979 caute
354 1908 599 2004 modesteque
625 1908 825 2013 protulerit
858 1908 995 1980 clariss.
1028 1906 1075 1977 fi-

79 2019 166 2111 lius,
183 2026 350 2095 nouerit
367 2020 524 2095 omnino
535 2023 582 2095 ab
594 2050 635 2095 re
648 2025 841 2122 praesenti,
858 2026 888 2096 si
906 2051 951 2096 ex
960 2024 1075 2095 Scho-

80 2136 126 2208 iio
142 2140 331 2228 addiscas,
356 2140 459 2238 quod
479 2166 565 2212 cum
584 2144 777 2239 primum,
796 2157 878 2213 tum
902 2142 1076 2216 secundis

81 2257 182 2326 etiam
198 2258 299 2328 curis
311 2257 517 2354 expolitum
535 2274 697 2354 pateruae
722 2258 975 2330 observationi
989 2257 1076 2331 sub-

78 2369 167 2464 jecit.
187 2375 283 2445 Satis
293 2375 407 2471 igitur
414 2370 592 2472 intelligis
606 2431 616 2465 ,
635 2374 835 2450 cerebrum
844 2375 981 2446 durum
995 2400 1075 2449 esse

81 2511 181 2583 posse
196 2491 277 2562 sine
293 2490 457 2562 stultitia.
472 2489 578 2562 Adde
594 2448 714 2580 uund,
732 2507 769 2562 et
782 2492 975 2563 stultitiam
995 2516 1076 2564 esse

82 2629 181 2701 posse
201 2606 281 2679 sine
300 2608 444 2681 cerebri
463 2609 609 2679 duritie.
631 2610 763 2705 Neque
786 2609 889 2678 euim-
906 2610 947 2679 in
964 2606 1077 2680 fatuis

82 2724 215 2813 solum,
231 2751 252 2797 a
271 2727 404 2826 Tulpio
416 2726 487 2824 (3),
505 2725 754 2824 Kerckringio
765 2725 977 2824 ¹(ldliingio
994 2724 1075 2823 (5),
1099 2754 1100 2765 ¹

82 2838 246 2915 scheidio
265 2844 319 2941 (6)
341 2844 527 2934 dissectis,
546 2843 745 2914 flaccidum
759 2844 960 2941 laxumque
972 2866 1076 2915 cere·

81 2953 184 3029 hrum
205 2960 294 3051 fuit3
313 2961 376 3034 sed
392 2961 454 3032 hic
475 2977 688 3059 postremus
704 2962 743 3033 id
762 2975 883 3031 mente
900 2967 1023 3058 captis
1035 2976 1078 3032 at

77 3071 290 3168 plurimam,
303 3079 444 3176 inquit,
447 3079 647 3170 familiare
656 3103 732 3149 esse
741 3077 853 3164 solet,
866 3083 961 3147 sicat
970 3076 1079 3147 haud
1113 3106 1116 3113 “

83 3212 162 3264 raro
184 3202 221 3265 in
246 3201 426 3266 maniacis
446 3195 763 3295 deprehendimus.
789 3194 902 3285 Quod
927 3196 997 3267 etsi
1025 3194 1072 3266 ab

171 3941 233 3997 Ubi
246 3961 336 4018 supra
348 3945 386 4002 ad
397 3964 427 3999 n.
445 3944 490 4001 13.

124 4035 152 4114 6)
172 4041 216 4097 De
233 4043 326 4103 duob.
338 4044 465 4103 Ossicul.
481 4055 510 4102 et
527 4063 554 4101 c.
568 4063 621 4119 qu·
638 4049 666 4108 lt·
688 4093 695 4107 .
818 4112 820 4117 .
