2774 4666
265 451 336 500 220
425 451 472 497 DE
498 446 643 496 sumnus
668 448 712 496 ΕΤ
737 410 860 497 CAUSIS
885 448 1093 499 MORBORUM

263 563 465 661 turgebant
482 586 586 650 vasa,
605 563 722 660 magis
746 576 870 633 autem
897 589 978 660 quae
1006 563 1183 652 dextera,
1209 590 1288 635 ea-

262 705 338 778 que
358 678 553 768 inferiore,
580 678 725 750 cerebri
746 695 850 778 parte
874 705 944 777 per
970 684 1185 778 meniugcm
1217 696 1287 751 te-

262 821 377 869 nuem
411 796 681 869 discurrebant.
715 795 792 867 Sub
826 796 896 867 hac
929 799 1104 894 meninge
1138 822 1286 868 serum

262 913 402 1011 passim
422 914 461 982 in
481 912 627 984 cerebri
643 910 888 1001 aufractibus,
904 929 945 984 ut
964 915 1043 1010 ipsa
1063 929 1287 1010 propterea

263 1028 494 1100 detrahentis
513 1055 669 1100 manum
691 1044 768 1103 tota
785 1027 891 1101 facile
911 1047 1138 1127 sequeretur.
1159 1031 1284 1102 Nihil

262 1161 386 1217 autem
407 1148 480 1217 seri
493 1171 538 1216 ex
557 1149 672 1244 spinae
692 1146 786 1218 tubo
800 1146 975 1236 defluxit,
992 1164 1028 1218 et
1048 1173 1215 1245 paucum
1231 1150 1283 1218 in
1327 1175 1330 1178 ⁴

260 1262 477 1334 lateralibus
496 1263 714 1334 ventriculis
729 1265 926 1335 inventum
942 1280 1018 1351 est:
1038 1290 1116 1361 quo
1134 1281 1282 1335 tamen

260 1405 339 1451 nou
357 1395 448 1452 tunc
474 1382 639 1477 primum
656 1381 854 1478 irrupisse,
879 1381 1020 1451 iudicio
1039 1397 1117 1452 erat
1137 1382 1281 1478 pallor

260 1496 498 1568 vasculorum
512 1512 593 1567 tum
610 1521 693 1594 quae
711 1521 780 1593 per
792 1497 1089 1568 ventriculorum
1100 1500 1280 1595 parietes

259 1613 448 1703 feruntur,
463 1629 543 1685 tum
566 1639 646 1710 quae
664 1613 864 1685 choroides
878 1613 1009 1710 plexus
1026 1612 1204 1686 efficiunt.
1223 1621 1278 1687 In

258 1732 305 1804 iis
317 1732 489 1830 plexibus
508 1745 615 1801 erant
634 1746 811 1828 praeterea
829 1731 999 1801 vesiculae
1018 1756 1112 1828 aqua
1128 1732 1276 1829 plepae.

259 1848 370 1940 Quod
397 1850 586 1947 reliquum
615 1864 691 1938 est,
717 1848 938 1936 cerebrum,
968 1864 1005 1918 et
1033 1848 1276 1921 cerebellum

260 1969 403 2065 optime
426 1991 463 2038 se
489 1966 680 2038 habebant
698 1993 705 2036 :
726 1991 797 2053 uec
815 1965 930 2037 modo
956 1966 1158 2039 substantia
1181 1993 1275 2039 non

260 2100 367 2156 erant
381 2083 554 2173 flaccida,
576 2083 640 2155 sed
658 2085 791 2182 longe,
814 2083 1013 2155 cerebrum
1034 2087 1275 2182 praesertim,

256 2202 481 2274 firmissima.

313 2347 365 2417 17.
387 2325 430 2390 In
450 2334 552 2390 tanta
572 2319 716 2408 cordis,
734 2334 772 2390 et
792 2320 938 2392 cerebri
954 2321 1271 2418 propinquitate,

257 2452 435 2534 tantaque
447 2436 500 2507 ob
514 2438 656 2509 arteriae
671 2461 814 2534 magnae
825 2436 1045 2509 inflexiones
1059 2437 1272 2511 descensus

258 2554 449 2651 sanguinis
469 2550 712 2641 difficultate,
730 2555 870 2624 mirum
888 2579 967 2625 nou
987 2551 1133 2639 suisset,
1152 2554 1193 2622 iu
1209 2554 1271 2625 bi-

256 2671 351 2743 boso
370 2672 575 2769 praesertim
593 2671 751 2765 juvene,
771 2672 801 2743 si
818 2696 882 2743 vas
903 2670 1056 2768 aliquod
1076 2669 1270 2768 sanguise-

255 2814 341 2860 rum
359 2791 456 2860 intra
477 2790 645 2860 cranium
668 2803 763 2860 esset
783 2787 1009 2887 disruptum.
1041 2790 1165 2859 Minus
1189 2790 1269 2885 igi-

254 2923 317 2976 tur
333 2907 472 2976 mirum
489 2904 661 3002 estquod
675 2904 721 2975 ad
732 2912 868 3002 aquam
880 2905 950 2977 sub
964 2907 1070 2976 tenui
1082 2906 1268 3002 meninge

255 3020 411 3094 effusam
428 3047 605 3094 vasorum
623 3023 800 3094 distentio
822 3021 928 3093 facile
949 3023 1167 3111 accesserit,
1188 3048 1265 3121 per

255 3140 353 3210 hanc
383 3141 617 3236 repentium,
647 3155 683 3210 et
706 3141 1015 3212 constrictionem
1046 3140 1264 3230 adauxerit,

254 3256 302 3326 ab
321 3281 416 3354 aqua
438 3253 582 3327 factam.
603 3262 678 3329 Cur
698 3240 824 3327 autem
847 3272 949 3328 tauta
974 3257 1119 3329 cerebri
1139 3255 1264 3327 firmi·

254 3373 348 3443 tudo
360 3374 621 3445 constrictioni
637 3400 716 3445 non
734 3375 921 3475 obstiterit
938 3374 1066 3446 saltem
1078 3400 1126 3446 ne
1136 3375 1262 3445 homi-

256 3516 342 3562 uem
355 3507 496 3589 puncto
516 3493 699 3589 temporis
711 3493 968 3580 interimeret,
987 3517 1134 3564 causam
1153 3507 1263 3590 putu,

256 3609 286 3681 si
315 3607 410 3679 forte
431 3611 583 3706 quaeris,
603 3609 701 3680 hanc
722 3634 801 3681 esse
824 3611 1011 3708 potuisse,
1039 3610 1145 3707 quod
1173 3635 1262 3681 cum

257 3727 403 3798 cerebri
424 3728 610 3798 corticalis
637 3726 841 3799 substantia
862 3729 987 3800 miuus
1010 3728 1128 3800 soleat
1153 3727 1264 3799 firma

256 3869 358 3932 esse,
378 3869 490 3941 quam
513 3843 753 3933 medullaris,
772 3869 818 3915 ex
829 3869 903 3943 qua
920 3847 1125 3943 praesertim
1144 3873 1154 3934 3
1173 3847 1262 3943 quia

254 3984 338 4032 cum
358 3963 404 4033 sit
426 3962 467 4031 in
494 3986 533 4033 se
556 3962 804 4059 conglobata,
826 3964 947 4036 multo
974 3963 1176 4060 ampliores
1205 3965 1263 4035 sui
