2774 4670
205 462 272 507 tm.
299 462 324 507 1.
352 462 399 507 nu
423 460 560 507 nonnis
584 460 740 526 cirins,
766 456 876 510 nrtsr.
904 465 938 508 x.
1002 438 1066 514 521

65 574 210 671 pleurae
229 574 375 645 annexi.
394 579 439 644 ln
456 574 668 671 pericardio
686 600 811 647 serum
832 570 1013 664 multum,
1030 579 1083 663 in„

64 716 193 788 eoque
210 716 276 762 cor
292 692 429 779 laxius,
448 715 490 762 ac
508 692 634 780 latius,
661 708 697 763 et
721 693 767 762 ad
790 694 903 790 hujus
928 695 1070 765 ventri-

64 809 199 885 culum
215 810 410 881 dexterum
425 810 615 881 concretio
633 812 762 909 exigua
777 811 967 909 polyposa.
987 811 1070 883 Cal·-

65 926 346 1024 variadenmue
357 927 512 1016 reclusa,
521 927 637 997 multa
647 929 744 998 inter
753 929 948 1025 meninges
957 953 1069 1025 aqua,
1129 934 1132 940 ’

65 1068 146 1114 non
168 1068 288 1142 pauca
304 1045 343 1113 in
361 1043 506 1115 cerebri
523 1042 761 1133 anfractibus,
775 1044 842 1133 uhi
859 1044 970 1142 paulo
989 1047 1070 1143 glu-

67 1160 632 1253 tinosiorvidebatur,nonnulla
643 1164 752 1233 etiam
763 1164 870 1259 copia
881 1161 927 1232 ad
937 1161 1069 1250 basim,

66 1278 255 1351 nonnulla
272 1280 314 1349 i'n
328 1279 558 1351 ventriculis,
581 1279 789 1351 Choroides
808 1280 939 1376 plexus
961 1279 1069 1377 palli-

68 1393 164 1483 duli,
184 1396 225 1464 iu
243 1395 365 1492 iisque
380 1395 549 1467 vesiculae
568 1394 712 1493 aliquot
732 1411 930 1467 tumentes.
959 1399 1067 1466 Cere-

67 1509 181 1581 brum
195 1512 319 1609 ipsum
332 1512 461 1584 laxius,
778 1522 780 1527 ’

119 1654 175 1699 12.
204 1629 255 1700 Iis
284 1654 365 1726 quae
388 1628 528 1700 inhoc
558 1629 735 1702 cadavere
762 1629 939 1701 adnotata
964 1612 1075 1717 sunt,

67 1748 302 1843 conspectis,
321 1758 461 1819 etcum
482 1747 606 1819 morbi
624 1748 780 1820 historia
799 1749 957 1834 collatis,
973 1747 1068 1818 adeo

68 1863 240 1934 Valsalva
263 1888 341 1933 non
361 1863 575 1953 dubitabat,
598 1865 720 1937 multo
737 1881 845 1949 antea
864 1866 905 1935 in
931 1867 1069 1962 capite,

70 1963 183 2075 quam
201 1982 242 2055 iu
262 1979 438 2064 thorace,
461 1979 770 2078 effusamaquam
785 1981 915 2070 fuisse,
936 1998 979 2053 ut
991 2007 1070 2054 cre·

70 2095 190 2184 deret,
206 2112 299 2168 tunc
314 2096 467 2169 demum
485 2099 525 2167 in
545 2097 619 2169 hoc
634 2096 779 2170 effundi
796 2102 969 2198 coepisse,
983 2124 1070 2170 cum

70 2212 244 2311 illudjam
255 2213 340 2310 plus
348 2212 544 2287 admittere
553 2238 632 2285 non
642 2231 777 2311 posset,
786 2216 958 2288 videlicet
967 2215 1070 2287 haud

71 2331 189 2423 multo
200 2355 309 2403 secus
328 2332 588 2428 quam-capitis
601 2331 821 2404 vulneribus
838 2335 943 2429 puris
962 2334 1071 2430 copia

70 2446 391 2536 redundantibus,
418 2447 531 2545 hujus
549 2471 636 2545 pars
650 2449 744 2536 alio,
762 2466 798 2521 et
811 2450 1002 2521 interdum
1021 2449 1069 2519 ad

70 2560 263 2634 thoracem
274 2565 398 2661 ipsum
408 2563 641 2636 transfertur.
653 2566 747 2636 Mihi
756 2566 849 2639 illud
862 2567 993 2638 saltem
1005 2568 1069 2636 mi·

72 2680 170 2756 nime
181 2672 397 2778 negandum
411 2655 575 2770 videtur,
588 2697 679 2757 tunc
689 2684 926 2780 potissimum
938 2684 977 2752 in
989 2683 1069 2757 tho-

71 2821 153 2869 race
171 2824 307 2896 aquam
325 2814 539 2896 congestam
560 2824 659 2888 esse,
675 2825 762 2870 cum
779 2799 1067 2871 detumescenti-

72 2912 141 2987 bus
157 2916 349 3004 cruribm,
369 2932 405 2987 et
425 2918 534 2987 urina
557 2919 777 3005 imminuta,
801 2918 947 2991 assidua
973 2915 1069 2989 facta

74 3047 125 3103 est
139 3033 309 3131 'spirandi
330 3030 529 3105 difficultas
549 3062 556 3102 :
578 3046 806 3130 quamquam
827 3034 874 3105 ad
892 3034 991 3106 hanc
1008 3059 1068 3106 su-

72 3144 185 3222 binde
209 3151 417 3247 graviorem
439 3147 674 3231 efficiendam
690 3150 955 3222 eonvulsiones
974 3177 1069 3248 quo·
1142 3208 1145 3213 .

75 3288 144 3359 que
175 3267 300 3339 videri
322 3282 481 3364 possunt
506 3268 753 3355 convenisse3
785 3267 975 3339 indicante
1001 3268 1067 3339 illo

74 3403 183 3455 sensu
193 3385 407 3482 incipientis
419 3383 465 3457 ad
479 3399 554 3455 tres
564 3370 676 3481 supra
690 3382 910 3455 umbilicum
921 3385 1067 3483 digitos,

75 3498 136 3568 sed
148 3502 319 3587 interius,
335 3497 557 3588 affectionis,
572 3501 736 3598 indeque
746 3500 793 3572 ad
810 3501 1003 3575 thoracem
1013 3526 1068 3573 as-

75 3618 283 3706 cendentis,
302 3616 456 3690 fortasse
472 3642 608 3715 magno
630 3621 844 3692 mesenterii
867 3644 1068 3691 nervorum

75 3729 197 3827 plexui
214 3760 342 3807 earum
362 3734 516 3832 quidem
538 3714 826 3808 convuisionum
846 3761 995 3809 causam
1012 3738 1068 3806 in·

78 3848 220 3923 sedisse.
244 3857 449 3924 Verumea
472 3876 532 3925 res
557 3854 666 3926 aliter
684 3855 888 3950 aKValsalva
910 3855 1069 3951 explica·

76 3957 203 4056 batur,
217 3969 410 4047 ,nimirum
434 3986 685 4067 praegravato,
716 3986 829 4070 atque
853 3973 997 4043 irritato
1020 3971 1068 4042 ab
