2780 4666
309 407 379 476 288
474 430 520 477 nn
545 428 689 476 siolaus
713 428 757 473 rr
783 427 905 481 causis
929 422 1135 478 uoaoomm

309 543 522 639 rum‘copia
542 540 735 626 liberavit,
754 542 794 609 in
814 538 951 637 quibus
974 566 1044 637 pas
1063 543 1305 617 subsidebat:

311 675 348 729 et
364 682 483 729 annos
500 657 651 754 quidem
672 656 814 752 aliquot
826 656 1218 752 capitemalebabuit3
1240 658 1309 730 sed

309 791 456 860 tamen,
478 798 563 844 cum
583 774 660 842 haec
679 771 771 842 mihi
792 769 1056 861 narrabantur,
1074 797 1184 846 sanus
1200 776 1311 846 vive-

310 889 384 962 bat.
411 889 540 979 Quid?
564 888 667 985 quod
688 913 731 959 ex
748 888 838 984 ipsis
860 888 1104 982 pulmonibus
1133 892 1173 960 in
1200 915 1310 961 cere·

310 1005 422 1096 hrum
435 1004 449 1102 (
466 1022 507 1076 ut
525 1006 565 1073 in
577 1019 719 1103 sartore
732 1028 791 1074 me
804 1001 880 1073 dixi
894 1001 1005 1074 fuisse
1021 1004 1312 1100 conjecturum)

271 1133 274 1139 ’
311 1138 376 1194 aut
395 1148 440 1193 ex
459 1123 590 1218 pleura
608 1144 760 1217 quoque
781 1144 852 1217 pus
872 1118 1038 1208 traduci,
1057 1145 1128 1191 nec
1142 1125 1312 1193 Duretus

312 1238 514 1325 dubitavit,
536 1253 572 1308 et
591 1242 754 1323 Paraeus,
772 1250 814 1305 ut
835 1234 1003 1323 videtur,
1022 1237 1181 1324 invenit,
1198 1238 1312 1308 sicuti

297 1352 428 1426 -habes
441 1353 732 1450 inSepulchreto
750 1352 764 1449 (
791 1351 816 1447 ).

365 1476 418 1556 14.
435 1470 505 1539 Sed
523 1485 654 1566 prater
670 1493 739 1565 pus
753 1470 792 1538 in
810 1470 965 1540 cerebro
980 1471 1167 1567 genitum,
1180 1485 1249 1540 aut
1264 1469 1310 1539 ad

308 1590 434 1686 ipsum
454 1586 692 1673 translatum,
713 1608 822 1682 posse
837 1585 1026 1657 interdum
1047 1586 1135 1658 alias
1151 1610 1309 1673 causas,

310 1707 436 1776 minus
456 1703 578 1774 adhuc
592 1701 887 1788 animadversas,
905 1704 1139 1800 apoplexiam
1157 1700 1311 1789 facere,

312 1836 374 1892 aut
401 1820 447 1890 ad
476 1821 595 1916 ipsam
621 1816 826 1889 faciendam
857 1820 1077 1906 convenire,
1107 1843 1186 1888 non
1213 1819 1312 1891 levis

311 1936 405 2008 mihi
421 1936 583 2032 suspicio
598 1951 651 2006 est
667 1961 712 2004 ex
728 1936 772 2006 iis
793 1959 886 2030 quas
906 1935 975 2007 tibi
997 1936 1167 2032 protinus
1188 1936 1312 2033 subji-

313 2055 408 2125 ciam
421 2107 431 2139 ,
446 2052 740 2122 dissentionibus.
759 2053 926 2141 Quarum
943 2053 1121 2150 primam,
1135 2054 1315 2148 quamvis

312 2194 391 2240 non
416 2183 595 2265 prasente
626 2193 687 2238 me
715 2168 908 2257 habitam,
927 2194 1031 2253 non,
1049 2193 1154 2239 secus
1177 2182 1314 2240 tamen

312 2308 541 2384 proponam,
556 2308 598 2354 ac
617 2286 646 2355 si
662 2286 740 2381 ipse
755 2284 978 2357 habuissem.
994 2288 1162 2385 Namque
1178 2284 1316 2357 aderat

311 2402 485 2475 Nicolaus
497 2402 677 2472 Mediavia
688 2400 1083 2500 ProsectorpublicuS‚
1101 2417 1190 2473 etex
1199 2425 1314 2475 sacro

313 2520 387 2592 hoc
403 2517 718 2617 philosophorum
739 2543 781 2588 ac
801 2517 1036 2615 medicorum
1045 2518 1318 2615 Collegiodoc-

312 2654 373 2708 tor
401 2636 677 2721 meritissimuS,
705 2638 780 2722 cui,
798 2660 878 2707 non
906 2637 1031 2735 minus
1054 2660 1165 2732 quam
1190 2635 1315 2726 mihi,

315 2754 440 2840 credo,
451 2753 501 2824 ob
510 2768 713 2849 spectatam
726 2751 1174 2854 duodequadragintajam
1185 2777 1315 2825 annos

314 2898 359 2944 ex
375 2864 452 2967 quo
464 2872 588 2967 ipsum
602 2871 642 2939 in
659 2878 700 2939 re
717 2871 924 2949 anatomica
941 2892 1112 2940 exercere
1130 2871 1254 2966 coepi,
1275 2868 1319 2939 fi-

313 2988 420 3074 dem,
438 3012 481 3057 ac
496 2987 744 3083 diligentiam,
764 2988 845 3085 pari
875 2990 961 3057 cum
984 2985 1197 3058 assiduitate
1215 3011 1318 3071 con-

312 3106 497 3199 junctam,
518 3090 566 3174 ¹ut
593 3119 781 3200 quotquot
814 3104 888 3175 hoc
917 3105 1044 3181 omni,
1078 3103 1180 3200 quod
1210 3103 1319 3194 dixi,

311 3234 482 3316 tempore
496 3218 773 3297 Pataviihabui
798 3221 1059 3320 dissectioneS,
1083 3244 1163 3289 non
1188 3220 1315 3291 modo

314 3336 458 3407 cunctis
475 3334 589 3407 ferme
607 3334 838 3425 interfuerit,
859 3337 922 3408 sed
940 3338 1048 3406 etiam
1065 3359 1159 3433 saepe
1185 3335 1316 3406 admi-

314 3452 529 3541 nistrando,
547 3453 770 3551 plerumque
796 3453 1054 3539 consecando,
1080 3450 1315 3522 laudabilem

313 3593 486 3666 operam,
504 3594 547 3640 ac
566 3570 725 3667 perutile
743 3571 921 3641 auxilium
937 3568 1149 3671 praebuerit.
1162 3567 1316 3664 Hicigi·

349 3926 393 4003 (1)
412 3929 446 3984 L.
462 3946 492 3997 1,
509 3937 580 3983 sect.
598 3927 715 3999 1,0bs.
730 3934 776 4015 lto.
