2782 4668
289 438 387 549 ⁸378
485 474 532 520 DE
558 471 703 555 sumnus
727 473 771 519 ET
797 472 921 520 causis
945 473 1155 521 HORBOBUM

317 590 403 675 sivi,
420 601 457 659 et
476 585 675 658 dilucidius
687 587 868 685 cognovi3
884 601 926 658 ut
941 587 1154 658 istiusmodi
1172 589 1316 661 insano·

317 730 402 778 rum
430 703 624 776 cerebrum
655 705 886 801 aptissimum
918 729 1091 777 censeam
1116 704 1165 777 ad
1197 731 1314 804 perse·

316 822 511 921 quendum
530 823 686 892 interius
715 846 916 893 nervorum
944 823 1131 920 origines,
1160 839 1201 895 et
1229 840 1315 896 trac·

316 955 424 1011 tuum
441 939 614 1026 ductum,
633 953 669 1009 et
689 938 759 1009 alia
778 939 1073 1034 ejusdemmodi,
1092 966 1264 1039 quorum
1282 944 1314 1013 in

316 1057 499 1144 molliori,
517 1070 558 1127 ut
575 1057 770 1153 saepiusest
781 1109 791 1142 ‚
804 1055 962 1127 cerebro
974 1058 1094 1128 multo
1112 1057 1313 1148 difficilior,

318 1189 354 1247 et
377 1173 574 1245 obscurior
592 1187 646 1269 est
664 1172 878 1269 indagatio:
900 1174 1016 1245 modo
1042 1189 1171 1247 tamen
1199 1191 1314 1273 postea

317 1293 355 1362 in
375 1293 502 1364 minus
525 1291 629 1361 molli
647 1291 774 1387 aliquo
802 1291 881 1363 sani
901 1291 1067 1364 hominis
1085 1293 1249 1365 cerebro
1261 1295 1315 1365 sic

321 1411 408 1482 satis
425 1408 554 1480 eadem
574 1406 856 1479 confirmentur.

368 1552 399 1623 7.
427 1526 590 1597 Maniam
611 1550 632 1595 a
657 1525 799 1623 philtro
820 1551 973 1624 quoque
997 1526 1152 1615 induci,
1182 1543 1313 1599 certum

318 1659 374 1715 est
383 1642 445 1741 (1)
460 1643 531 1714 Sed
542 1667 589 1714 an
603 1644 794 1717 maniacus
808 1645 839 1716 is
850 1644 966 1715 homo
978 1642 1108 1731 haesit,
1120 1646 1313 1729 incertum,

316 1762 519 1858 prasertim
537 1762 567 1833 si
577 1738 729 1858 ⁸frigoris
748 1763 785 1831 vi
803 1762 934 1860 periit,
954 1762 1060 1856 cujus
1079 1762 1210 1834 solent
1229 1763 1313 1858 ejus·

317 1879 420 1950 modi
439 1881 526 1976 aegri
542 1903 620 1950 esse
632 1879 787 1976 impune
802 1880 1071 1976 patientissimi.
1084 1881 1176 1968 Quo
1188 1879 1313 1951 iudicio

317 1995 503 2083 adducor,
516 2011 557 2066 ut
568 1996 754 2094 suspicer,
769 2021 838 2067 nec
848 1997 1026 2068 mulieres
1034 1997 1129 2069 duas
1140 2053 1151 2086 ,
1161 2021 1312 2094 quarum
1379 2048 1380 2085 g

317 2136 405 2183 mox
422 2113 595 2185 historias
622 2113 838 2209 subjiciam,
863 2115 988 2184 mania
1013 2113 1191 2187 detentas
1215 2113 1312 2185 fnisse

317 2243 409 2300 tunc
422 2231 569 2317 saltem,
588 2253 673 2302 oum
687 2233 831 2331 rigente
849 2231 983 2328 hyeme
996 2231 1113 2302 altera
1128 2233 1312 2329 anginam,

317 2346 432 2418 altera
449 2347 612 2419 thoracis
639 2347 972 2419 inflammationem
997 2350 1198 2419 contraxit.
1224 2350 1312 2438 Quo-

316 2465 417 2536 niam
428 2479 554 2536 tamen
565 2465 657 2536 illud
669 2466 1001 2564 plerumque‚non
1013 2488 1185 2564 semper,
1202 2487 1313 2564 neque
1378 2482 1379 2563 t

1327 2594 1329 2597 .
1378 2566 1379 2601 i

1378 2604 1379 2639 i

316 2582 356 2652 in
374 2583 552 2655 omnihus
572 2607 702 2655 verum
722 2599 777 2656 est
793 2583 868 2681 (a);
893 2608 974 2654 rem
993 2585 1033 2653 in
1060 2584 1191 2655 medio
1215 2584 1312 2657 relin-

319 2726 488 2799 quemus.
509 2701 580 2773 Sed
595 2702 704 2798 quale
721 2702 925 2798 idcnmque
941 2701 1115 2774 delirium
1133 2699 1266 2791 fuerit,
1281 2700 1313 2769 il·

316 2817 383 2889 lud
402 2818 522 2889 videri
539 2819 722 2916 potuisset
740 2816 964 2891 confirmare
987 2819 1149 2890 Lancisii
1175 2834 1309 2892 senteu-

317 2934 406 3005 tiam
426 2935 473 3007 de
503 2934 589 3006 sede
614 2937 745 3008 animae
763 2935 961 3034 cogitantis
977 2933 1031 3030 (3)
1049 2933 1155 3032 quod
1172 2960 1198 3005 a
1217 2934 1311 3006 nohis
1377 2996 1378 3049 ἶ

316 3052 356 3121 in
374 3052 512 3124 calloso
525 3077 685 3150 corpore
698 3054 812 3149 hujus
826 3053 929 3125 stulti
944 3068 1194 3150 conspectum
1205 3051 1309 3139 ⁴est,si
1377 3056 1378 3079 ¹

316 3170 356 3238 in
366 3171 669 3268 caeterisquoque
680 3170 822 3268 aliquid
833 3166 1309 3267 ejusmodividissemus(d)·

316 3288 458 3356 Verum
475 3287 567 3383 quid
582 3312 687 3377 raro,
704 3287 797 3386 quid
813 3312 927 3385 saepe,
946 3287 1039 3384 quid
1059 3312 1214 3385 semper
1227 3291 1311 3359 inve·

317 3404 501 3491 norimus
530 3405 683 3476 eumad
713 3405 849 3475 harum
879 3403 1149 3477 dissentionum
1178 3420 1310 3503 postre-

391 3708 402 3782 )
424 3708 493 3763 Vid.
507 3711 539 3764 P.
551 3680 658 3766 Bdrell.
675 3709 750 3765 Hist.
767 3710 851 3766 Ceut.
870 3728 903 3780 1,
920 3709 986 3765 obs·
999 3706 1048 3764 65.

390 3808 401 3855 i

374 3727 386 3763 1

371 3825 387 3861 a
421 3806 489 3862 vid.
504 3808 669 3863 Ettmiiller.
687 3810 774 3863 Pras.
788 3810 808 3863 l.
825 3826 857 3877 2,
870 3827 894 3865 s.
907 3808 940 3880 3,
954 3828 980 3865 c.
996 3813 1029 3877 h,
1041 3818 1099 3863 art.
1112 3824 1128 3862 2
1135 3816 1200 3879 ,'m.
1214 3808 1243 3864 3.

359 3706 369 3782 (

321 3809 328 3816 ’
357 3806 369 3882 (

358 3906 370 3982 (

359 4005 370 4079 (

373 3907 402 3981 3)
423 3907 547 3963 Dissert.
560 3908 616 3963 VII
628 3908 718 3981 paulo
730 3918 799 3965 ante
809 3906 859 3965 cit.

374 4006 402 4081 4)
419 4006 489 4061 Vid.
503 4005 596 4080 Epist.
610 4006 664 4078 61,
681 4027 711 4063 n.
729 4007 758 4064 6.
1188 4018 1195 4049 ¹
