2798 4668
240 473 308 520 mn
336 473 361 519 ι.
389 474 435 519 nn
461 471 597 519 nonius
623 471 783 535 omns,
810 473 920 520 nmsr.
947 475 1012 521 111.
1067 451 1134 550 597

52 648 56 654 .
132 600 340 681 utrumque
369 585 476 655 illum
500 599 703 655 tumorem·
721 582 871 670 eredes,
897 564 1071 675 mollem,
1100 603 1137 660 et

130 705 263 774 vesicae
280 704 419 789 instar,
433 701 595 773 humore
610 700 785 798 plenum,
797 703 837 771 in
849 702 1012 774 lumbari
1022 706 1136 801 spinae

131 833 276 906 tractu,
295 845 340 890 ex
355 842 431 915 quo
446 816 580 889 factam
597 818 670 889 seri
687 815 911 890 effusionem
925 844 1047 908 mors,
1065 846 1136 893 nec

130 936 254 1007 multo
273 950 378 1033 poet,
404 960 449 1021 ex
472 934 781 1007 convulsionibus
800 951 930 1007 secuta
951 928 1135 1009 est.‘Nam

132 1053 240 1151 quod
267 1077 393 1125 serum
412 1052 687 1150 purulentum,
704 1076 746 1123 ac
764 1051 959 1141 foetidum,
976 1067 1041 1124 aut
1056 1079 1136 1126 san-

134 1171 259 1268 guinis
275 1170 402 1241 eolore
420 1168 596 1241 nonnihil
617 1171 777 1241 tinctum
795 1170 994 1268 prodierit3
1012 1196 1136 1269 neque

132 1286 209 1358 hoe
225 1286 440 1358 mirandum
461 1300 537 1376 est,
556 1284 625 1357 ubi
645 1293 742 1358 inter
765 1289 978 1359 vertebram
992 1289 1135 1360 lambo·

131 1430 217 1476 ram
232 1403 563 1503 antepenultimam
582 1420 620 1476 et
635 1406 805 1477 ultimam
823 1431 868 1477 ex
889 1407 1061 1478 erosione
1080 1405 1137 1479 fo·

131 1546 263 1594 ramen
288 1519 357 1593 fuit
371 1523 411 1591 in
428 1536 599 1594 ventrem
626 1523 847 1619 pertinens,
871 1547 1000 1619 neque
1018 1521 1134 1612 illud,

132 1663 220 1709 eum
242 1633 335 1709 ‘daoe
363 1639 549 1710 vertebrae
574 1638 786 1709 lamborum
815 1637 1134 1728 desiderarentur,

131 1762 281 1852 integris
298 1755 469 1852 reliquis,
489 1779 653 1851 namque
673 1770 709 1826 et
722 1757 761 1825 in
781 1756 825 1826 iis
844 1754 1044 1852 dequibus
1063 1758 1137 1855 agi·

130 1896 238 1961 mus,
266 1874 416 1971 aquosis
445 1871 662 1944 tumoribus
692 1872 853 1943 multum
881 1872 928 1944 de
953 1872 1136 1946 vertebris

132 1989 325 2060 interdum
335 1989 483 2061 absumi
498 1987 610 2060 docet
622 1994 677 2060 Jo.
693 1989 907 2062 Ludovicus
917 1991 1136 2087 Apinus(1),

133 2121 170 2178 et
189 2107 431 2204 corruptione
450 2104 575 2206 ipsos,
592 2129 635 2176 ac
648 2130 844 2204 gangraena
865 2104 971 2178 facile
983 2108 1135 2205 corripi,

132 2223 306 2321 exemplo
323 2247 476 2320 quoque
500 2223 580 2319 ejus
598 2246 711 2319 quem
730 2223 793 2295 dat
812 2225 975 2321 pictum,
994 2223 1133 2295 confir-

132 2356 209 2413 mat
228 2340 382 2412 Bidlous
404 2339 483 2437 (2):
506 2364 576 2412 uec
595 2341 683 2436 quia
703 2367 747 2412 ex
764 2340 1017 2435 ejuscemodi,
1038 2366 1135 2437 quos

132 2459 431 2555 descripserunt,
447 2455 660 2528 tumoribus
678 2455 788 2526 ichor
805 2458 934 2526 exierit
951 2457 1135 2554 purulen-

130 2578 211 2665 tus,
232 2590 297 2646 aut
318 2574 474 2645 materia
490 2587 655 2670 aquosa,
679 2569 827 2660 foetida,
851 2596 894 2643 ac
912 2573 1134 2669 purulenta;

130 2693 273 2765 idcirco
283 2696 338 2764 Jo.
356 2690 475 2762 David
494 2689 736 2765 Manchartus
750 2689 822 2786 (3),
838 2703 875 2760 et
884 2694 939 2760 io·
950 2692 1135 2763 Henricus

129 2809 308 2891 Linckius
331 2807 384 2904 (4)
403 2805 644 2894 dubitarunt,
673 2831 721 2877 an
740 2806 787 2876 ad
810 2805 885 2876 hoc
911 2831 1030 2903 genus
1056 2811 1135 2881 atti·

132 2942 278 3001 nerent.
298 2927 335 2997 si
361 2949 509 2995 mecum
528 2923 643 3022 igitur
660 2922 760 2994 idem
779 2946 930 2994 censeas
945 2922 992 2994 de
1009 2938 1134 2997 tumo·
1179 2953 1182 2961 ’

64 3114 70 3125 ,
132 3043 239 3117 ribus
249 3043 322 3115 illis
340 3040 555 3113 duobus‘de
572 3039 710 3137 quibus
729 3038 854 3111 dicere
881 3064 1134 3136 coeperamus3

134 3160 211 3231 duo
222 3174 516 3255 consequentur,
526 3157 705 3243 alterum,
723 3155 1024 3228 observationem
1032 3156 1135 3228 illam

133 3275 291 3347 Bauhini
308 3273 464 3347 fortasse
484 3276 646 3374 primam
673 3272 785 3346 fuisse
804 3287 995 3344 tumorum
1021 3273 1136 3370 hujus

191 3632 219 3710 1)
239 3631 314 3706 Eph.
327 3632 366 3687 N.
381 3631 415 3686 C.
429 3630 501 3687 Dec.
520 3629 553 3699 3,
567 3631 605 3684 A.
617 3646 652 3702 9,
664 3627 729 3684 obs.
744 3627 811 3686 180.

207 3748 219 3825 )
239 3747 311 3804 Dec.
326 3765 358 3817 α,
368 3748 471 3802 Exere.
483 3747 572 3801 Anat.
586 3742 665 3801 Chir.
681 3762 709 3814 7.

175 3630 187 3707 (

174 3746 187 3823 (

173 3860 188 3938 i

189 3766 206 3803 2

189 3862 221 3940 3)
241 3846 317 3937 Eph.
331 3863 369 3919 n.
387 3864 419 3918 e.
435 3833 518 3918 cini.
533 3879 567 3936 9,
580 3859 644 3915 oss.
658 3858 707 3915 ts.

177 3975 220 4055 (t)
239 3980 305 4036 Aet.
316 3978 354 4035 N.
368 3979 420 4052 C.,
433 3988 506 4034 tom.
523 3995 554 4050 1,
566 3976 630 4036 obs.
644 3979 692 4047 74.
