2782 4668
268 416 337 516 372
431 436 477 487 na
503 438 649 487 srnrnus
673 440 717 485 nr
742 440 866 488 caus1s
891 440 1101 491 nonnosum

266 577 336 652 pro
351 551 458 624 novis
469 551 583 649 paulo
600 567 685 623 ante
703 576 817 649 quam
835 553 1005 627 Valsalva
1026 572 1262 646 nasceretur,

180 657 183 664 ¹
264 670 401 742 iterum
414 669 605 767 proposita
617 684 721 756 sunt3
732 695 778 741 eo
795 685 920 742 tamen
931 696 1010 767 quo
1020 671 1127 744 istam
1140 672 1266 745 obser·

264 788 453 858 rationem
468 786 656 883 scripsisse
667 785 835 873 videtur,
850 801 1021 885 tempore
1034 813 1166 860 rursus
1180 814 1266 887 qua-

265 900 730 977 dantenusobsolcverant.
743 907 885 973 Verum
896 902 1268 976 haecaliasomniaiu·

265 1020 343 1090 sius
356 1017 645 1105 demonstrabo,
660 1044 731 1091 nec
750 1044 832 1091 mea
852 1021 951 1091 cirea
966 1045 1266 1119 eorumcorpus·

264 1136 437 1208 culorum
453 1150 624 1208 naturam
640 1138 846 1209 tentamina
860 1137 1039 1210 reticebo.
1057 1142 1169 1210 Nunc
1185 1164 1268 1209 eam

263 1269 411 1354 praestat
428 1276 541 1350 quam
552 1250 645 1322 mihi
657 1255 696 1323 in
710 1253 967 1324 maniacorum
980 1307 990 1339 ,
1004 1267 1041 1324 et
1050 1252 1268 1325 melancho-

263 1372 424 1445 licorum
442 1368 600 1441 cerebro
621 1394 769 1469 semper
793 1369 941 1441 obviam
964 1366 1076 1441 fuisse
1095 1369 1173 1440 dixi
1196 1372 1270 1442 sin-

263 1486 431 1586 gularem
456 1484 632 1556 duritiem
652 1506 716 1555 sex
734 1497 923 1581 septemve
954 1483 1109 1582 prolatis
1133 1485 1271 1563 dissec-

264 1603 432 1678 tionibus
442 1597 676 1672 confirmare.

312 1728 346 1810 4.
384 1726 565 1792 Juvenem
589 1740 812 1815 procerum,
841 1733 878 1790 et
910 1719 1108 1792 robustum
1140 1723 1270 1793 mania

263 1837 536 1937 prehenderat,
552 1860 654 1906 anno
680 1861 781 1933 17²9·
802 1837 897 1907 Huic
912 1836 1049 1908 medici
1068 1834 1137 1907 sub
1147 1834 1270 1907 finem

259 1955 357 2052 junii
373 1955 591 2052 sanguinem
607 1978 652 2024 ex
668 1951 866 2052 temporali
881 1954 1015 2024 arteria
1030 1953 1138 2024 educi
1149 1955 1271 2049 jusse-

263 2087 349 2145 rant
362 2070 409 2143 ad
422 2069 556 2142 libram
578 2096 703 2142 unam.
724 2071 866 2141 Horula
888 2072 949 2140 vix
975 2085 1053 2141 erat
1068 2094 1112 2142 ex
1127 2095 1205 2167 quo
1227 2070 1269 2142 id

265 2189 464 2287 chirurgus
480 2191 722 2286 prestiterat,
744 2215 830 2261 cum
850 2190 1000 2286 juvenis
1023 2191 1195 2261 inventus
1208 2205 1271 2261 est

264 2320 456 2394 mortuus,
473 2320 598 2377 exerta
612 2306 749 2404 lingua.
772 2307 827 2377 Ne
845 2306 884 2376 in
904 2306 1031 2384 auxilii
1046 2329 1181 2404 genus,
1200 2331 1270 2378 ve-

265 2421 427 2512 teribus,
446 2439 483 2495 et
499 2421 777 2503 recentioribus
793 2423 994 2511 usitatum,
1011 2436 1048 2494 et
1061 2425 1109 2492 Μ.
1121 2422 1268 2492 Aurelii

263 2538 519 2637 Severini(1)(
536 2563 607 2637 pro
626 2563 705 2635 quo
719 2537 922 2608 Hildanum
940 2563 1138 2638 perperam
1149 2539 1270 2636 aplu-

263 2653 369 2728 ribus
389 2655 533 2727 laudari
550 2654 661 2728 video
672 2655 686 2751 )
698 2654 934 2751 aliorumque
956 2654 1011 2754 (a)
1028 2653 1270 2744 felicibus‚et

264 2797 565 2871 nonnunquam,
587 2773 687 2844 utin
706 2770 861 2843 robusta
882 2772 1047 2871 virgine,
1073 2787 1269 2870 extempo-

264 2891 387 2962 raneis
407 2888 667 2962 curationibus
688 2888 997 2988 comprobatum,
1018 2916 1112 2961 neve
1133 2892 1173 2959 in
1196 2892 1269 2961 im-

265 3022 453 3079 merentes
477 3007 667 3095 medietas,
687 3022 728 3077 ut
754 3006 890 3107 vulgus
910 3008 1026 3096 solet,
1044 3021 1108 3078 aut
1125 3008 1163 3075 in
1186 3007 1269 3078 chi·

266 3148 423 3221 rurgum
437 3124 587 3222 culpam
606 3119 800 3212 conferas,
821 3138 899 3194 tum
919 3139 961 3195 ut
980 3124 1027 3195 de
1040 3122 1269 3221 quibusdam

267 3265 398 3313 eorum
430 3265 513 3338 quac
543 3241 583 3309 in
610 3239 789 3326 cadavere
817 3240 991 3312 adnotata
1012 3255 1122 3329 sunt,
1142 3243 1269 3338 aptius

267 3353 363 3429 ferre
373 3357 558 3453 judicium
570 3382 703 3454 queas;
714 3357 807 3431 illud
821 3343 998 3429 celandus
1010 3352 1088 3447 non
1103 3357 1269 3454 eS‚qu0d

269 3474 356 3548 satis
368 3471 540 3544 occulere
554 3474 585 3544 is
601 3475 669 3572 qui
681 3473 882 3545 admiserat
895 3527 905 3562 ,
919 3498 998 3543 non
1017 3474 1161 3572 potuit,
1180 3497 1269 3545 cum

268 3615 383 3689 aeger,
402 3588 798 3687 impellente-insania,
819 3614 901 3688 quae
927 3589 1043 3662 modi]
1066 3591 1269 3662 vulneratae

308 3874 352 3952 (ι)
373 3876 417 3934 De
429 3871 505 3932 effic.
519 3873 628 3930 Medic.
642 3874 662 3929 1.
679 3892 759 3948 1‚p.
774 3873 856 3929 aubi
873 3874 909 3931 de
920 3873 1063 3932 Arteriot.

309 3973 352 4053 (a)
373 3974 448 4051 nph.
461 3975 499 4031 ll.
514 3975 547 4032 C.
563 3973 647 4031 Cent·
662 3973 697 4044 3,
714 3973 787 4030 Obs.
806 3971 855 4043 60,
