2798 4668
299 391 371 497 594
464 421 510 467 ns
536 417 681 467 snnrrns
707 420 751 465 sr
776 417 900 466 csnsrs
924 384 1136 468 nonroflnn

296 534 344 606 ad
354 532 552 605 cerebrum
559 556 679 628 usque
690 530 870 620 demisso,
883 555 929 603 ex
941 532 1016 604 hoc
1028 536 1171 631 pariter
1181 537 1305 634 liquor

295 649 471 722 turbidus
486 647 743 747 promanabat.
760 649 948 737 Quoniam
967 665 1092 724 tamen
1106 677 1193 748 quae
1211 656 1303 725 intra

294 764 440 838 cerebri
458 767 653 863 meninges
668 764 833 862 plurima
847 767 999 837 inventa
1016 782 1072 839 est
1085 793 1209 865 aqua,
1225 770 1304 842 sub
1359 772 1363 785 “

294 885 387 958 salso
402 883 556 981 quidem
572 884 650 980 ipsa
665 906 821 980 qnoque
837 899 930 973 erat,
942 884 1194 987 sedbmpida;
1207 889 1304 958 malo

293 1026 375 1074 enm
389 1000 691 1073 observationem
700 999 871 1072 attendas
879 1026 962 1098 quae
977 1007 1211 1075 aBrnnnero
1220 1030 1303 1076 curn

291 1124 363 1192 XII
383 1120 586 1214 conjuncta
601 1133 658 1192 est
676 1142 806 1211 earum
816 1142 901 1216 quse
915 1136 1002 1193 sunt
1014 1123 1053 1192 in
1071 1121 1306 1196 additamen-

290 1239 338 1310 tis
353 1237 400 1311 ad
417 1237 515 1308 hano
537 1235 774 1335 Sepulchreti
795 1238 1011 1315 sectionem.
1031 1242 1127 1310 Nam
1152 1256 1303 1314 tumore
1391 1314 1392 1337 ,

290 1355 406 1452 hujus
425 1356 573 1455 generis
586 1357 626 1425 in
645 1352 763 1426 dorso
779 1372 892 1454 supra
913 1380 955 1428 os
975 1380 1123 1429 sacrum
1142 1358 1305 1432 infelici·
1391 1356 1392 1433 Ϊ

288 1489 366 1560 ter,
386 1487 429 1545 ut
447 1473 560 1561 solet,
577 1472 721 1560 exciso,
734 1470 837 1544 unde
849 1472 937 1577 plus
946 1473 1042 1545 libra
1056 1499 1162 1572 aquae
1178 1477 1303 1576 limpi-

290 1589 450 1662 dissimae
467 1587 626 1676 effluxit,
650 1605 766 1687 caput
789 1588 944 1681 infantis
960 1591 1154 1663 considere
1175 1601 1303 1667 statim

288 1724 327 1780 et
341 1706 440 1779 mole
452 1713 572 1779 minui
583 1708 818 1779 observatum
821 1708 913 1799 fuit.
934 1712 979 1778 In
994 1708 1076 1806 ipsa
1090 1725 1225 1782 autem
1240 1711 1303 1782 ob·

289 1827 499 1899 servatione
511 1828 583 1894 XII
600 1824 700 1896 idem
714 1848 735 1894 a
751 1825 943 1896 contrario
960 1825 1113 1897 ridetur
1130 1827 1299 1925 probari.

289 1948 384 2015 Onrn
402 1944 503 2014 enim
530 1958 659 2014 tumor
682 1941 870 2038 ejusmodi
887 1944 927 2013 in
955 1942 1070 2015 dorso
1086 1967 1302 2043 compunc-

188 2144 190 2149 ,
286 2075 347 2132 tus
381 2057 531 2148 fuisset,
563 2059 666 2132 unde
691 2084 787 2156 aquo
820 2060 994 2158 prosiluit
1014 2061 1300 2160 limpidissima,

289 2200 373 2275 quse
389 2182 508 2248 serres
521 2176 655 2249 diebus
670 2177 959 2275 insequentibus
970 2175 1118 2250 effluxit
1132 2182 1301 2276 qualibet

290 2300 373 2367 vice
390 2293 446 2366 ad
465 2300 592 2365 uncias
612 2309 703 2381 tres,
721 2301 1010 2393 quamprimum,
1030 2296 1190 2371 inducta
1206 2300 1299 2369 cica-

288 2415 402 2499 trice,
418 2411 515 2485 nt‘hil
527 2418 601 2483 seri
619 2412 780 2510 amplius
798 2411 1013 2503 exsttltnoit,
1029 2414 1165 2512 puellae
1186 2432 1299 2514 caput

289 2531 408 2603 attolli
421 2530 552 2628 coepit,
567 2545 604 2601 et
616 2529 724 2601 brevi
737 2531 1038 2631 hydrocephalus
1049 2549 1173 2606 nartoe
1190 2536 1298 2606 molis

286 2654 442 2720 emersit.
459 2649 520 2718 Sic
534 2649 646 2719 etiarn
662 2647 702 2717 in
718 2652 770 2720 IV
785 2647 926 2721 ibidem
941 2648 1210 2725 observatione
1229 2657 1299 2725 Le·

288 2765 432 2838 chelius
460 2790 547 2837 cum
571 2761 753 2836 infantem
770 2764 952 2838 describit
971 2783 1101 2838 natum
1119 2792 1215 2838 cum
1235 2786 1294 2842 tn·

287 2906 395 2954 more
404 2882 573 2978 ejusdem
582 2897 725 2954 nature
739 2882 786 2954 ab
800 2883 933 2955 ultima
941 2882 1107 2958 thoracis
1118 2887 1293 2959 vertebra

286 3000 334 3072 ad
344 3024 544 3097 coccygcm
562 3024 682 3097 usque
692 3001 926 3097 pertinente,
938 2999 1072 3074 diebus
1088 3004 1293 3100 insequen-

285 3117 400 3204 tibus,
416 3131 560 3204 narrat,
578 3123 719 3187 interea
737 3134 856 3214 caput
869 3124 1003 3190 sensim
1018 3124 1232 3219 sensimque
1258 3129 1293 3192 in

285 3234 420 3306 molem
436 3232 794 3333 prcetematurnlem
809 3250 1002 3307 extensum
1021 3233 1156 3327 fnisse,
1178 3255 1226 3310 ut
1245 3240 1291 3310 vi·

285 3343 419 3423 destnr
434 3376 549 3448 arsere,
563 3351 625 3421 cui
639 3350 745 3422 locus
757 3352 796 3421 in
809 3354 925 3449 spinae
932 3376 1026 3427 cavo
1035 3358 1290 3455 nonnmplius

285 3482 514 3567 superesset,
531 3469 571 3538 in
587 3468 707 3537 cranii
730 3492 821 3539 cavo
840 3469 1102 3560 subsistendo,
1134 3472 1214 3545 hoc
1246 3474 1288 3545 ad

282 3613 372 3659 eum
393 3584 548 3656 modum
571 3583 829 3683 amplificasse.
852 3588 942 3676 Quae
958 3587 1146 3662 hactenus
1160 3591 1288 3688 scripsi

283 3729 369 3775 cum
388 3701 653 3801 perpenderis,
670 3717 708 3773 et
723 3700 880 3779 'fortasse
899 3729 979 3779 uon
995 3704 1285 3803 improbaveris,

284 3822 313 3893 si
332 3819 428 3897 forte
446 3820 487 3891 in
499 3820 737 3919 Hippocratis
750 3820 878 3893 locum
890 3821 1086 3913 incideris,
1101 3825 1171 3921 qui
1185 3826 1239 3899 sic
1251 3847 1286 3895 se
