<?xml version="1.0" encoding="UTF-8"?>
<!DOCTYPE html PUBLIC "-//W3C//DTD XHTML 1.0 Transitional//EN"
    "http://www.w3.org/TR/xhtml1/DTD/xhtml1-transitional.dtd">
<html xmlns="http://www.w3.org/1999/xhtml" xml:lang="en" lang="en">
 <head>
  <title>
</title>
<meta http-equiv="Content-Type" content="text/html;charset=utf-8" />
  <meta name='ocr-system' content='tesseract 3.04.00' />
  <meta name='ocr-capabilities' content='ocr_page ocr_carea ocr_par ocr_line ocrx_word'/>
</head>
<body>
  <div class='ocr_page' id='page_1' title='image "./desedibusetcaus06adelgoog_0510.png"; bbox 0 0 2774 4670; ppageno 0'>
   <div class='ocr_carea' id='block_1_1' title="bbox 212 514 1092 620">
    <p class='ocr_par' dir='ltr' id='par_1_1' title="bbox 212 514 1092 620">
     <span class='ocr_line' id='line_1_1' title="bbox 212 514 1092 620; baseline 0.007 -37"><span class='ocrx_word' id='word_1_1' title='bbox 212 533 281 585; x_wconf 77' lang='lat' dir='ltr'>rra.</span> <span class='ocrx_word' id='word_1_2' title='bbox 309 539 333 584; x_wconf 90' lang='lat'>1.</span> <span class='ocrx_word' id='word_1_3' title='bbox 362 539 409 584; x_wconf 77' lang='lat' dir='ltr'>nu</span> <span class='ocrx_word' id='word_1_4' title='bbox 436 535 573 608; x_wconf 75' lang='lat' dir='ltr'>uorans</span> <span class='ocrx_word' id='word_1_5' title='bbox 599 537 893 620; x_wconf 72' lang='lat' dir='ltr'>carrrrs,rr1sr.</span> <span class='ocrx_word' id='word_1_6' title='bbox 921 539 969 585; x_wconf 84' lang='lat' dir='ltr'>nr.</span> <span class='ocrx_word' id='word_1_7' title='bbox 1024 514 1092 589; x_wconf 81' lang='lat'>501</span> 
     </span>
    </p>
   </div>
   <div class='ocr_carea' id='block_1_2' title="bbox 75 646 1182 4153">
    <p class='ocr_par' dir='ltr' id='par_1_2' title="bbox 76 646 1131 1688">
     <span class='ocr_line' id='line_1_2' title="bbox 77 646 1096 749; baseline 0.004 -29"><span class='ocrx_word' id='word_1_8' title='bbox 77 670 175 720; x_wconf 88' lang='lat' dir='ltr'>cum</span> <span class='ocrx_word' id='word_1_9' title='bbox 194 651 357 722; x_wconf 87' lang='lat' dir='ltr'>vicissim</span> <span class='ocrx_word' id='word_1_10' title='bbox 369 650 571 739; x_wconf 89' lang='lat' dir='ltr'>recordor,</span> <span class='ocrx_word' id='word_1_11' title='bbox 588 649 766 749; x_wconf 85' lang='lat' dir='ltr'>descripti</span> <span class='ocrx_word' id='word_1_12' title='bbox 782 653 822 721; x_wconf 92' lang='lat' dir='ltr'>in</span> <span class='ocrx_word' id='word_1_13' title='bbox 843 651 1000 725; x_wconf 89' lang='lat' dir='ltr'>cerebro</span> <span class='ocrx_word' id='word_1_14' title='bbox 1013 646 1096 724; x_wconf 86' lang='lat' dir='ltr'>abs·</span> 
     </span>
     <span class='ocr_line' id='line_1_3' title="bbox 78 765 1096 868; baseline 0.008 -32"><span class='ocrx_word' id='word_1_15' title='bbox 78 792 214 840; x_wconf 85' lang='lat' dir='ltr'>cessus</span> <span class='ocrx_word' id='word_1_16' title='bbox 231 792 398 840; x_wconf 58' lang='lat' dir='ltr'>⁴caveam</span> <span class='ocrx_word' id='word_1_17' title='bbox 429 772 463 840; x_wconf 89' lang='lat' dir='ltr'>ei</span> <span class='ocrx_word' id='word_1_18' title='bbox 494 765 671 839; x_wconf 84' lang='lat' dir='ltr'>foramini</span> <span class='ocrx_word' id='word_1_19' title='bbox 705 768 934 863; x_wconf 86' lang='lat' dir='ltr'>subjectam,</span> <span class='ocrx_word' id='word_1_20' title='bbox 966 766 1096 868; x_wconf 84' lang='lat' dir='ltr'>ibique</span> 
     </span>
     <span class='ocr_line' id='line_1_4' title="bbox 77 883 1095 984; baseline 0.004 -29"><span class='ocrx_word' id='word_1_21' title='bbox 77 900 290 983; x_wconf 87' lang='lat' dir='ltr'>utramque</span> <span class='ocrx_word' id='word_1_22' title='bbox 323 886 539 984; x_wconf 84' lang='lat' dir='ltr'>meningem</span> <span class='ocrx_word' id='word_1_23' title='bbox 572 883 827 974; x_wconf 84' lang='lat' dir='ltr'>foraminulo,</span> <span class='ocrx_word' id='word_1_24' title='bbox 860 911 948 959; x_wconf 89' lang='lat' dir='ltr'>cum</span> <span class='ocrx_word' id='word_1_25' title='bbox 984 911 1095 959; x_wconf 85' lang='lat' dir='ltr'>cavea</span> 
     </span>
     <span class='ocr_line' id='line_1_5' title="bbox 78 996 1093 1101; baseline 0.004 -29"><span class='ocrx_word' id='word_1_26' title='bbox 78 1003 412 1091; x_wconf 82' lang='lat' dir='ltr'>communicante,</span> <span class='ocrx_word' id='word_1_27' title='bbox 442 1017 639 1101; x_wconf 70' lang='lat' dir='ltr'>pertusam,</span> <span class='ocrx_word' id='word_1_28' title='bbox 667 1000 805 1091; x_wconf 85' lang='lat' dir='ltr'>fuisse,</span> <span class='ocrx_word' id='word_1_29' title='bbox 840 996 919 1073; x_wconf 80' lang='lat' dir='ltr'>non</span> <span class='ocrx_word' id='word_1_30' title='bbox 956 1028 1093 1101; x_wconf 90' lang='lat' dir='ltr'>parum</span> 
     </span>
     <span class='ocr_line' id='line_1_6' title="bbox 79 1116 1131 1218; baseline 0.003 -28"><span class='ocrx_word' id='word_1_31' title='bbox 79 1143 177 1190; x_wconf 88' lang='lat' dir='ltr'>sane</span> <span class='ocrx_word' id='word_1_32' title='bbox 196 1120 440 1208; x_wconf 80' lang='lat' dir='ltr'>haerereme,</span> <span class='ocrx_word' id='word_1_33' title='bbox 469 1116 599 1192; x_wconf 84' lang='lat' dir='ltr'>fateor.</span> <span class='ocrx_word' id='word_1_34' title='bbox 631 1125 763 1218; x_wconf 87' lang='lat' dir='ltr'>Itaque</span> <span class='ocrx_word' id='word_1_35' title='bbox 790 1119 1093 1193; x_wconf 82' lang='lat' dir='ltr'>observationem</span> <span class='ocrx_word' id='word_1_36' title='bbox 1125 1118 1131 1129; x_wconf 82' lang='lat'>&#39;</span> 
     </span>
     <span class='ocr_line' id='line_1_7' title="bbox 78 1232 1093 1336; baseline 0.004 -29"><span class='ocrx_word' id='word_1_37' title='bbox 78 1232 163 1307; x_wconf 86' lang='lat' dir='ltr'>h&#39;uc</span> <span class='ocrx_word' id='word_1_38' title='bbox 183 1238 309 1334; x_wconf 90' lang='lat' dir='ltr'>potius</span> <span class='ocrx_word' id='word_1_39' title='bbox 331 1237 534 1336; x_wconf 88' lang='lat' dir='ltr'>adjungam</span> <span class='ocrx_word' id='word_1_40' title='bbox 562 1239 707 1309; x_wconf 86' lang='lat' dir='ltr'>Nicolai</span> <span class='ocrx_word' id='word_1_41' title='bbox 734 1238 945 1325; x_wconf 67' lang='lat' dir='ltr'>Mediana,</span> <span class='ocrx_word' id='word_1_42' title='bbox 977 1264 1093 1335; x_wconf 87' lang='lat' dir='ltr'>quam</span> 
     </span>
     <span class='ocr_line' id='line_1_8' title="bbox 78 1351 1092 1453; baseline 0.008 -31"><span class='ocrx_word' id='word_1_43' title='bbox 78 1351 259 1429; x_wconf 74' lang='lat' dir='ltr'>conferre</span> <span class='ocrx_word' id='word_1_44' title='bbox 273 1354 447 1433; x_wconf 82' lang='lat' dir='ltr'>cumbae</span> <span class='ocrx_word' id='word_1_45' title='bbox 463 1358 605 1453; x_wconf 89' lang='lat' dir='ltr'>possis;</span> <span class='ocrx_word' id='word_1_46' title='bbox 630 1355 741 1427; x_wconf 90' lang='lat' dir='ltr'>simul</span> <span class='ocrx_word' id='word_1_47' title='bbox 756 1357 857 1426; x_wconf 90' lang='lat' dir='ltr'>enim</span> <span class='ocrx_word' id='word_1_48' title='bbox 875 1380 962 1426; x_wconf 89' lang='lat' dir='ltr'>cum</span> <span class='ocrx_word' id='word_1_49' title='bbox 982 1359 1092 1430; x_wconf 87' lang='lat' dir='ltr'>certis</span> 
     </span>
     <span class='ocr_line' id='line_1_9' title="bbox 77 1472 1092 1562; baseline 0.002 -18"><span class='ocrx_word' id='word_1_50' title='bbox 77 1473 203 1544; x_wconf 89' lang='lat' dir='ltr'>cranii</span> <span class='ocrx_word' id='word_1_51' title='bbox 222 1472 461 1545; x_wconf 75' lang='lat' dir='ltr'>caesionibus</span> <span class='ocrx_word' id='word_1_52' title='bbox 480 1474 673 1547; x_wconf 85' lang='lat' dir='ltr'>abscessus</span> <span class='ocrx_word' id='word_1_53' title='bbox 693 1473 856 1562; x_wconf 84' lang='lat' dir='ltr'>cerebri,</span> <span class='ocrx_word' id='word_1_54' title='bbox 875 1486 914 1549; x_wconf 82' lang='lat' dir='ltr'>et</span> <span class='ocrx_word' id='word_1_55' title='bbox 927 1476 1092 1547; x_wconf 86' lang='lat' dir='ltr'>comitia-</span> 
     </span>
     <span class='ocr_line' id='line_1_10' title="bbox 76 1588 687 1688; baseline 0.013 -31"><span class='ocrx_word' id='word_1_56' title='bbox 76 1588 130 1663; x_wconf 86' lang='lat' dir='ltr'>lis</span> <span class='ocrx_word' id='word_1_57' title='bbox 143 1590 303 1662; x_wconf 86' lang='lat' dir='ltr'>morbus</span> <span class='ocrx_word' id='word_1_58' title='bbox 316 1592 511 1688; x_wconf 87' lang='lat' dir='ltr'>conjuncti</span> <span class='ocrx_word' id='word_1_59' title='bbox 527 1588 687 1665; x_wconf 86' lang='lat' dir='ltr'>fueraut.</span> 
     </span>
    </p>

    <p class='ocr_par' dir='ltr' id='par_1_3' title="bbox 75 1670 1155 3217">
     <span class='ocr_line' id='line_1_11' title="bbox 134 1670 1092 1841; baseline 0.007 -64"><span class='ocrx_word' id='word_1_60' title='bbox 134 1707 193 1778; x_wconf 79' lang='lat'>23</span> <span class='ocrx_word' id='word_1_61' title='bbox 214 1709 392 1781; x_wconf 90' lang='lat' dir='ltr'>Mulieri</span> <span class='ocrx_word' id='word_1_62' title='bbox 384 1735 423 1779; x_wconf 91' lang='lat' dir='ltr'>m</span> <span class='ocrx_word' id='word_1_63' title='bbox 437 1713 630 1841; x_wconf 85' lang='lat' dir='ltr'>superiore</span> <span class='ocrx_word' id='word_1_64' title='bbox 645 1709 781 1784; x_wconf 87' lang='lat' dir='ltr'>frontis</span> <span class='ocrx_word' id='word_1_65' title='bbox 798 1725 905 1809; x_wconf 88' lang='lat' dir='ltr'>parte</span> <span class='ocrx_word' id='word_1_66' title='bbox 922 1670 1092 1784; x_wconf 88' lang='lat' dir='ltr'>tumores</span> 
     </span>
     <span class='ocr_line' id='line_1_12' title="bbox 77 1814 1155 1926; baseline 0.002 -30"><span class='ocrx_word' id='word_1_67' title='bbox 77 1825 163 1896; x_wconf 94' lang='lat' dir='ltr'>duo</span> <span class='ocrx_word' id='word_1_68' title='bbox 186 1828 338 1897; x_wconf 90' lang='lat' dir='ltr'>venerei</span> <span class='ocrx_word' id='word_1_69' title='bbox 359 1827 536 1899; x_wconf 87' lang='lat' dir='ltr'>extabant</span> <span class='ocrx_word' id='word_1_70' title='bbox 555 1853 600 1898; x_wconf 85' lang='lat' dir='ltr'>ex</span> <span class='ocrx_word' id='word_1_71' title='bbox 619 1814 673 1900; x_wconf 93' lang='lat' dir='ltr'>iis</span> <span class='ocrx_word' id='word_1_72' title='bbox 687 1829 753 1926; x_wconf 93' lang='lat' dir='ltr'>qui</span> <span class='ocrx_word' id='word_1_73' title='bbox 773 1844 970 1924; x_wconf 67' lang='lat' dir='ltr'>grammata</span> <span class='ocrx_word' id='word_1_74' title='bbox 987 1830 1090 1902; x_wconf 89' lang='lat' dir='ltr'>voci·</span> <span class='ocrx_word' id='word_1_75' title='bbox 1153 1882 1155 1885; x_wconf 84' lang='lat'>-</span> 
     </span>
     <span class='ocr_line' id='line_1_13' title="bbox 76 1942 1093 2044; baseline 0.006 -31"><span class='ocrx_word' id='word_1_76' title='bbox 76 1957 224 2017; x_wconf 88' lang='lat' dir='ltr'>tantur.</span> <span class='ocrx_word' id='word_1_77' title='bbox 249 1942 308 2014; x_wconf 89' lang='lat' dir='ltr'>Ob</span> <span class='ocrx_word' id='word_1_78' title='bbox 335 1968 399 2015; x_wconf 89' lang='lat' dir='ltr'>eos</span> <span class='ocrx_word' id='word_1_79' title='bbox 427 1944 513 2016; x_wconf 88' lang='lat' dir='ltr'>dato</span> <span class='ocrx_word' id='word_1_80' title='bbox 536 1944 771 2044; x_wconf 84' lang='lat' dir='ltr'>hydrargyro</span> <span class='ocrx_word' id='word_1_81' title='bbox 799 1947 911 2018; x_wconf 87' lang='lat' dir='ltr'>saliva</span> <span class='ocrx_word' id='word_1_82' title='bbox 938 1961 1093 2019; x_wconf 86' lang='lat' dir='ltr'>evocata</span> 
     </span>
     <span class='ocr_line' id='line_1_14' title="bbox 78 2063 1088 2157; baseline 0.005 -25"><span class='ocrx_word' id='word_1_83' title='bbox 78 2074 149 2132; x_wconf 92' lang='lat' dir='ltr'>est.</span> <span class='ocrx_word' id='word_1_84' title='bbox 169 2064 301 2157; x_wconf 89' lang='lat' dir='ltr'>Itaque</span> <span class='ocrx_word' id='word_1_85' title='bbox 320 2063 469 2133; x_wconf 88' lang='lat' dir='ltr'>sinister</span> <span class='ocrx_word' id='word_1_86' title='bbox 485 2063 640 2153; x_wconf 82' lang='lat' dir='ltr'>excidit,</span> <span class='ocrx_word' id='word_1_87' title='bbox 659 2063 790 2136; x_wconf 86' lang='lat' dir='ltr'>dexter</span> <span class='ocrx_word' id='word_1_88' title='bbox 812 2065 958 2141; x_wconf 79' lang='lat' dir='ltr'>mansit.</span> <span class='ocrx_word' id='word_1_89' title='bbox 977 2064 1088 2137; x_wconf 89' lang='lat' dir='ltr'>Unde</span> 
     </span>
     <span class='ocr_line' id='line_1_15' title="bbox 77 2175 1118 2281; baseline 0.007 -34"><span class='ocrx_word' id='word_1_90' title='bbox 77 2177 146 2248; x_wconf 91' lang='lat' dir='ltr'>ille</span> <span class='ocrx_word' id='word_1_91' title='bbox 182 2175 387 2268; x_wconf 84' lang='lat' dir='ltr'>exciderat,</span> <span class='ocrx_word' id='word_1_92' title='bbox 420 2183 675 2278; x_wconf 85' lang='lat' dir='ltr'>prominentia</span> <span class='ocrx_word' id='word_1_93' title='bbox 708 2183 884 2281; x_wconf 80' lang='lat' dir='ltr'>apparuit</span> <span class='ocrx_word' id='word_1_94' title='bbox 922 2183 1118 2280; x_wconf 84' lang='lat' dir='ltr'>pulsans..</span> 
     </span>
     <span class='ocr_line' id='line_1_16' title="bbox 79 2294 1089 2398; baseline 0.005 -31"><span class='ocrx_word' id='word_1_95' title='bbox 79 2294 288 2380; x_wconf 87' lang='lat' dir='ltr'>Constabat</span> <span class='ocrx_word' id='word_1_96' title='bbox 304 2297 522 2389; x_wconf 87' lang='lat' dir='ltr'>mulierem,</span> <span class='ocrx_word' id='word_1_97' title='bbox 541 2315 744 2396; x_wconf 87' lang='lat' dir='ltr'>antequam</span> <span class='ocrx_word' id='word_1_98' title='bbox 763 2298 998 2398; x_wconf 85' lang='lat' dir='ltr'>hydrargyro</span> <span class='ocrx_word' id='word_1_99' title='bbox 1011 2315 1089 2372; x_wconf 89' lang='lat' dir='ltr'>ute-</span> 
     </span>
     <span class='ocr_line' id='line_1_17' title="bbox 78 2413 1090 2511; baseline 0.001 -26"><span class='ocrx_word' id='word_1_100' title='bbox 78 2427 206 2499; x_wconf 88' lang='lat' dir='ltr'>retur,</span> <span class='ocrx_word' id='word_1_101' title='bbox 226 2413 413 2511; x_wconf 82' lang='lat' dir='ltr'>epilepsiae</span> <span class='ocrx_word' id='word_1_102' title='bbox 423 2415 626 2487; x_wconf 82' lang='lat' dir='ltr'>obnoxiam</span> <span class='ocrx_word' id='word_1_103' title='bbox 645 2415 758 2487; x_wconf 85' lang='lat' dir='ltr'>fuisse</span> <span class='ocrx_word' id='word_1_104' title='bbox 774 2444 781 2486; x_wconf 93' lang='lat'>:</span> <span class='ocrx_word' id='word_1_105' title='bbox 800 2433 837 2488; x_wconf 90' lang='lat' dir='ltr'>et</span> <span class='ocrx_word' id='word_1_106' title='bbox 852 2416 998 2489; x_wconf 88' lang='lat' dir='ltr'>sane-in</span> <span class='ocrx_word' id='word_1_107' title='bbox 1014 2440 1090 2486; x_wconf 91' lang='lat' dir='ltr'>me·</span> 
     </span>
     <span class='ocr_line' id='line_1_18' title="bbox 78 2530 1087 2627; baseline 0.001 -26"><span class='ocrx_word' id='word_1_108' title='bbox 78 2531 143 2602; x_wconf 90' lang='lat' dir='ltr'>dia</span> <span class='ocrx_word' id='word_1_109' title='bbox 153 2555 307 2627; x_wconf 89' lang='lat' dir='ltr'>quoque</span> <span class='ocrx_word' id='word_1_110' title='bbox 323 2533 517 2604; x_wconf 88' lang='lat' dir='ltr'>curatione</span> <span class='ocrx_word' id='word_1_111' title='bbox 533 2532 666 2620; x_wconf 91' lang='lat' dir='ltr'>semel,</span> <span class='ocrx_word' id='word_1_112' title='bbox 685 2530 1087 2621; x_wconf 88' lang='lat' dir='ltr'>hacautemabsoluta,</span> 
     </span>
     <span class='ocr_line' id='line_1_19' title="bbox 75 2648 1085 2747; baseline 0 -27"><span class='ocrx_word' id='word_1_113' title='bbox 75 2650 218 2720; x_wconf 87' lang='lat' dir='ltr'>iterum</span> <span class='ocrx_word' id='word_1_114' title='bbox 245 2650 380 2747; x_wconf 87' lang='lat' dir='ltr'>agitata</span> <span class='ocrx_word' id='word_1_115' title='bbox 411 2663 467 2721; x_wconf 88' lang='lat' dir='ltr'>est</span> <span class='ocrx_word' id='word_1_116' title='bbox 493 2648 822 2738; x_wconf 86' lang='lat' dir='ltr'>convulsionibus‚</span> <span class='ocrx_word' id='word_1_117' title='bbox 847 2649 991 2746; x_wconf 87' lang='lat' dir='ltr'>spumis</span> <span class='ocrx_word' id='word_1_118' title='bbox 1019 2673 1085 2720; x_wconf 90' lang='lat' dir='ltr'>ore</span> 
     </span>
     <span class='ocr_line' id='line_1_20' title="bbox 77 2763 1090 2864; baseline 0.003 -29"><span class='ocrx_word' id='word_1_119' title='bbox 77 2763 370 2864; x_wconf 90' lang='lat' dir='ltr'>profluentibus.</span> <span class='ocrx_word' id='word_1_120' title='bbox 410 2766 602 2864; x_wconf 89' lang='lat' dir='ltr'>Denique,</span> <span class='ocrx_word' id='word_1_121' title='bbox 635 2766 739 2839; x_wconf 92' lang='lat' dir='ltr'>nulla</span> <span class='ocrx_word' id='word_1_122' title='bbox 772 2780 878 2864; x_wconf 86' lang='lat' dir='ltr'>parte</span> <span class='ocrx_word' id='word_1_123' title='bbox 913 2766 1090 2864; x_wconf 91' lang='lat' dir='ltr'>corporis</span> 
     </span>
     <span class='ocr_line' id='line_1_21' title="bbox 78 2865 1087 2981; baseline -0.002 -25"><span class='ocrx_word' id='word_1_124' title='bbox 78 2883 267 2971; x_wconf 86' lang='lat' dir='ltr'>resoluta,</span> <span class='ocrx_word' id='word_1_125' title='bbox 285 2907 422 2980; x_wconf 88' lang='lat' dir='ltr'>sopore</span> <span class='ocrx_word' id='word_1_126' title='bbox 438 2884 545 2980; x_wconf 90' lang='lat' dir='ltr'>quasi</span> <span class='ocrx_word' id='word_1_127' title='bbox 561 2865 751 2981; x_wconf 88' lang='lat' dir='ltr'>quodam,</span> <span class='ocrx_word' id='word_1_128' title='bbox 777 2901 826 2961; x_wconf 86' lang='lat' dir='ltr'>ut</span> <span class='ocrx_word' id='word_1_129' title='bbox 841 2907 928 2954; x_wconf 90' lang='lat' dir='ltr'>raro</span> <span class='ocrx_word' id='word_1_130' title='bbox 953 2883 1087 2981; x_wconf 87' lang='lat' dir='ltr'>loque·</span> 
     </span>
     <span class='ocr_line' id='line_1_22' title="bbox 78 2998 1086 3099; baseline -0.002 -26"><span class='ocrx_word' id='word_1_131' title='bbox 78 3016 209 3089; x_wconf 88' lang='lat' dir='ltr'>retur,</span> <span class='ocrx_word' id='word_1_132' title='bbox 238 3002 316 3097; x_wconf 86' lang='lat' dir='ltr'>jam</span> <span class='ocrx_word' id='word_1_133' title='bbox 351 3000 430 3072; x_wconf 89' lang='lat' dir='ltr'>dies</span> <span class='ocrx_word' id='word_1_134' title='bbox 463 3002 607 3099; x_wconf 90' lang='lat' dir='ltr'>aliquot</span> <span class='ocrx_word' id='word_1_135' title='bbox 639 2998 796 3089; x_wconf 84' lang='lat' dir='ltr'>affecta,</span> <span class='ocrx_word' id='word_1_136' title='bbox 817 3001 960 3072; x_wconf 87' lang='lat' dir='ltr'>interiit</span> <span class='ocrx_word' id='word_1_137' title='bbox 987 3001 1086 3073; x_wconf 90' lang='lat' dir='ltr'>circa</span> 
     </span>
     <span class='ocr_line' id='line_1_23' title="bbox 78 3118 723 3217; baseline -0.003 -27"><span class='ocrx_word' id='word_1_138' title='bbox 78 3118 249 3191; x_wconf 90' lang='lat' dir='ltr'>medium</span> <span class='ocrx_word' id='word_1_139' title='bbox 265 3118 484 3209; x_wconf 78' lang='lat' dir='ltr'>octobrem,</span> <span class='ocrx_word' id='word_1_140' title='bbox 498 3145 601 3191; x_wconf 90' lang='lat' dir='ltr'>anno</span> <span class='ocrx_word' id='word_1_141' title='bbox 620 3121 723 3217; x_wconf 82' lang='lat'><strong>1739.</strong></span> 
     </span>
    </p>

    <p class='ocr_par' dir='ltr' id='par_1_4' title="bbox 80 3236 1182 4153">
     <span class='ocr_line' id='line_1_24' title="bbox 131 3236 1086 3335; baseline 0.001 -29"><span class='ocrx_word' id='word_1_142' title='bbox 131 3237 269 3306; x_wconf 85' lang='lat' dir='ltr'>Granio</span> <span class='ocrx_word' id='word_1_143' title='bbox 286 3250 324 3308; x_wconf 89' lang='lat' dir='ltr'>et</span> <span class='ocrx_word' id='word_1_144' title='bbox 344 3236 500 3308; x_wconf 87' lang='lat' dir='ltr'>cerebro</span> <span class='ocrx_word' id='word_1_145' title='bbox 528 3236 727 3335; x_wconf 84' lang='lat' dir='ltr'>diligenter</span> <span class='ocrx_word' id='word_1_146' title='bbox 747 3236 1004 3335; x_wconf 88' lang='lat' dir='ltr'>perlustratis,</span> <span class='ocrx_word' id='word_1_147' title='bbox 1032 3239 1086 3307; x_wconf 91' lang='lat' dir='ltr'>in·</span> 
     </span>
     <span class='ocr_line' id='line_1_25' title="bbox 80 3352 1086 3452; baseline 0 -27"><span class='ocrx_word' id='word_1_148' title='bbox 80 3365 238 3445; x_wconf 84' lang='lat' dir='ltr'>ventum</span> <span class='ocrx_word' id='word_1_149' title='bbox 261 3368 339 3442; x_wconf 91' lang='lat' dir='ltr'>est,</span> <span class='ocrx_word' id='word_1_150' title='bbox 356 3352 458 3425; x_wconf 80' lang='lat' dir='ltr'>illa&#39;m</span> <span class='ocrx_word' id='word_1_151' title='bbox 478 3379 592 3452; x_wconf 91' lang='lat' dir='ltr'>quam</span> <span class='ocrx_word' id='word_1_152' title='bbox 611 3355 839 3451; x_wconf 83' lang='lat' dir='ltr'>memoravi,</span> <span class='ocrx_word' id='word_1_153' title='bbox 864 3357 1086 3452; x_wconf 87' lang='lat' dir='ltr'>prominen-</span> 
     </span>
     <span class='ocr_line' id='line_1_26' title="bbox 80 3469 1087 3570; baseline 0.001 -28"><span class='ocrx_word' id='word_1_154' title='bbox 80 3474 172 3542; x_wconf 89' lang='lat' dir='ltr'>tiam</span> <span class='ocrx_word' id='word_1_155' title='bbox 205 3469 438 3545; x_wconf 84' lang='lat' dir='ltr'>membrana</span> <span class='ocrx_word' id='word_1_156' title='bbox 456 3471 619 3568; x_wconf 89' lang='lat' dir='ltr'>quadam</span> <span class='ocrx_word' id='word_1_157' title='bbox 651 3472 780 3570; x_wconf 89' lang='lat' dir='ltr'>obtegi</span> <span class='ocrx_word' id='word_1_158' title='bbox 805 3497 885 3545; x_wconf 90' lang='lat' dir='ltr'>non</span> <span class='ocrx_word' id='word_1_159' title='bbox 913 3473 1087 3549; x_wconf 86' lang='lat' dir='ltr'>tenuiore</span> 
     </span>
     <span class='ocr_line' id='line_1_27' title="bbox 84 3587 1182 3694; baseline -0.002 -36"><span class='ocrx_word' id='word_1_160' title='bbox 84 3611 217 3694; x_wconf 84' lang='lat' dir='ltr'>quam</span> <span class='ocrx_word' id='word_1_161' title='bbox 214 3588 374 3681; x_wconf 89' lang='lat' dir='ltr'>crassior</span> <span class='ocrx_word' id='word_1_162' title='bbox 396 3588 549 3676; x_wconf 85' lang='lat' dir='ltr'>charta,</span> <span class='ocrx_word' id='word_1_163' title='bbox 574 3589 622 3659; x_wconf 89' lang='lat' dir='ltr'>ab</span> <span class='ocrx_word' id='word_1_164' title='bbox 639 3587 869 3661; x_wconf 89' lang='lat' dir='ltr'>nostratibus</span> <span class='ocrx_word' id='word_1_165' title='bbox 891 3587 990 3673; x_wconf 79' lang='lat' dir='ltr'>dicta</span> <span class='ocrx_word' id='word_1_166' title='bbox 1006 3612 1089 3658; x_wconf 85' lang='lat' dir='ltr'>car·</span> <span class='ocrx_word' id='word_1_167' title='bbox 1180 3665 1182 3669; x_wconf 51' lang='grc'>,</span> 
     </span>
     <span class='ocr_line' id='line_1_28' title="bbox 85 3674 1087 3806; baseline 0.003 -32"><span class='ocrx_word' id='word_1_168' title='bbox 85 3721 197 3791; x_wconf 84' lang='lat' dir='ltr'>tone‚·</span> <span class='ocrx_word' id='word_1_169' title='bbox 189 3702 281 3776; x_wconf 89' lang='lat' dir='ltr'>·sed</span> <span class='ocrx_word' id='word_1_170' title='bbox 297 3674 470 3793; x_wconf 82' lang='lat' dir='ltr'>flaccida,</span> <span class='ocrx_word' id='word_1_171' title='bbox 486 3722 528 3778; x_wconf 91' lang='lat' dir='ltr'>ut</span> <span class='ocrx_word' id='word_1_172' title='bbox 544 3707 645 3778; x_wconf 90' lang='lat' dir='ltr'>inter</span> <span class='ocrx_word' id='word_1_173' title='bbox 663 3706 800 3806; x_wconf 86' lang='lat' dir='ltr'>digitos</span> <span class='ocrx_word' id='word_1_174' title='bbox 825 3707 1007 3791; x_wconf 86' lang='lat' dir='ltr'>contrita,</span> <span class='ocrx_word' id='word_1_175' title='bbox 1033 3702 1087 3777; x_wconf 84' lang='lat' dir='ltr'>fa-</span> 
     </span>
     <span class='ocr_line' id='line_1_29' title="bbox 84 3818 1090 3919; baseline -0.005 -25"><span class='ocrx_word' id='word_1_176' title='bbox 84 3823 155 3894; x_wconf 89' lang='lat' dir='ltr'>cile</span> <span class='ocrx_word' id='word_1_177' title='bbox 172 3821 481 3919; x_wconf 85' lang='lat' dir='ltr'>disrumperetur.</span> <span class='ocrx_word' id='word_1_178' title='bbox 500 3828 553 3895; x_wconf 86' lang='lat' dir='ltr'>Ea</span> <span class='ocrx_word' id='word_1_179' title='bbox 571 3823 793 3897; x_wconf 87' lang='lat' dir='ltr'>membrana</span> <span class='ocrx_word' id='word_1_180' title='bbox 816 3822 1015 3917; x_wconf 83' lang='lat' dir='ltr'>utriusque</span> <span class='ocrx_word' id='word_1_181' title='bbox 1035 3818 1090 3890; x_wconf 90' lang='lat' dir='ltr'>ibi</span> 
     </span>
     <span class='ocr_line' id='line_1_30' title="bbox 84 3936 1090 4037; baseline -0.002 -27"><span class='ocrx_word' id='word_1_182' title='bbox 84 3939 272 4037; x_wconf 90' lang='lat' dir='ltr'>meningis</span> <span class='ocrx_word' id='word_1_183' title='bbox 284 3937 436 4013; x_wconf 80' lang='lat' dir='ltr'>tenebat</span> <span class='ocrx_word' id='word_1_184' title='bbox 445 3940 573 4013; x_wconf 88' lang='lat' dir='ltr'>locum</span> <span class='ocrx_word' id='word_1_185' title='bbox 588 3969 598 4030; x_wconf 87' lang='lat'>;</span> <span class='ocrx_word' id='word_1_186' title='bbox 621 3941 773 4015; x_wconf 87' lang='lat' dir='ltr'>suberat</span> <span class='ocrx_word' id='word_1_187' title='bbox 788 3939 890 4011; x_wconf 91' lang='lat' dir='ltr'>enim</span> <span class='ocrx_word' id='word_1_188' title='bbox 902 3936 1090 4010; x_wconf 86' lang='lat' dir='ltr'>cortiealis</span> 
     </span>
     <span class='ocr_line' id='line_1_31' title="bbox 85 4054 1092 4153; baseline -0.001 -26"><span class='ocrx_word' id='word_1_189' title='bbox 85 4055 231 4131; x_wconf 89' lang='lat' dir='ltr'>cerebri</span> <span class='ocrx_word' id='word_1_190' title='bbox 260 4054 486 4141; x_wconf 86' lang='lat' dir='ltr'>substantia,</span> <span class='ocrx_word' id='word_1_191' title='bbox 513 4055 601 4126; x_wconf 90' lang='lat' dir='ltr'>inde</span> <span class='ocrx_word' id='word_1_192' title='bbox 626 4055 818 4153; x_wconf 88' lang='lat' dir='ltr'>usquead</span> <span class='ocrx_word' id='word_1_193' title='bbox 843 4054 1092 4129; x_wconf 87' lang='lat' dir='ltr'>medullarem</span> 
     </span>
    </p>
   </div>
   <div class='ocr_carea' id='block_1_3' title="bbox 0 0 1392 4670">
    <p class='ocr_par' dir='ltr' id='par_1_5' title="bbox 0 0 1392 4670">
     <span class='ocr_line' id='line_1_32' title="bbox 0 0 1392 4670; baseline 0 0"><span class='ocrx_word' id='word_1_194' title='bbox 0 0 1392 4670; x_wconf 95' lang='lat' dir='ltr'> </span> 
     </span>
    </p>
   </div>
  </div>
 </body>
</html>
