2774 4670
319 426 390 514 448
485 449 531 497 ur
558 447 704 497 scurrus
729 444 922 496 urcius1s
948 448 1157 496 moruorum

318 568 399 633 Hoc
414 562 514 634 enim
534 560 797 657 accipiendum
816 560 1045 647 cred0‚'non
1062 560 1110 631 de
1128 560 1249 631 cranii
1266 583 1319 628 ca·

318 703 404 767 rea,
430 677 496 750 sed
518 676 565 748 de
593 678 693 763 nasi,
723 690 787 747 aut
806 678 910 748 sinus
935 677 1115 773 alicujus,
1144 700 1234 747 curn
1255 675 1320 745 hoc

318 794 650 879 communicantis,
675 791 902 878 recessibus,
931 807 974 864 ut
998 792 1086 865 alias
1107 791 1166 888 (1)
1186 790 1258 863 tibi
1281 792 1324 862 si-

318 908 501 1009 gnificavi.
522 911 654 1006 Neque
670 909 741 979 alia
756 909 902 981 ratione
918 909 1089 1018 intelligo
1110 933 1198 1006 quae
1214 908 1321 1004 paulo

318 1028 491 1127 superius
507 1027 546 1096 in
564 1024 811 1124 Sepulchreto
829 1024 885 1123 (α)
907 1050 952 1097 ex
969 1026 1161 1123 epistolis;
1183 1050 1266 1096 non
1284 1049 1322 1095 ex

323 1145 465 1215 Observ.
482 1142 661 1215 Bartolini
678 1142 944 1240 producuntur
957 1142 1004 1214 de
1013 1141 1213 1214 vermibus
1234 1165 1320 1240 quos

319 1261 360 1330 in
370 1265 489 1357 equis,
501 1261 638 1347 bobus,
652 1275 690 1330 et
704 1261 830 1331 ovibus
846 1266 963 1358 capiti
976 1266 1105 1345 inesse,
1124 1261 1263 1331 rustici
1275 1258 1320 1328 di·
1379 1310 1380 1321 ,

320 1391 461 1448 cuntur
478 1375 717 1464 observasse,
743 1377 783 1446 in
793 1376 1013 1475 phrenitide
1032 1391 1182 1465 tamen,
1202 1391 1243 1446 et
1256 1399 1320 1446 rer·

320 1499 450 1589 regma
470 1518 547 1565 non
563 1494 603 1564 iu
623 1518 682 1580 ea,
698 1492 746 1565 de
763 1518 837 1591 qua
859 1495 981 1591 agitur
998 1492 1102 1565 rabie
1119 1520 1127 1562 :
1146 1518 1231 1590 quo
1251 1516 1320 1562 uno

319 1609 504 1682 vocabulo
534 1634 648 1708 quum
681 1612 790 1681 variae
815 1607 1033 1682 affectiones
1059 1610 1321 1708 designentur,

274 1774 278 1783 -
321 1725 493 1812 laudatus
508 1727 619 1799 docet
627 1729 883 1799 Aromatarius
897 1727 964 1824 (3).
979 1731 1047 1799 Per
1056 1726 1138 1797 haec
1151 1727 1229 1798 illis
1239 1750 1325 1823 quo-

322 1869 398 1941 que
415 1868 591 1915 occurres
604 1868 687 1939 quae
700 1846 740 1913 in
758 1844 903 1916 scholio
920 1843 1113 1915 adduntur
1129 1842 1182 1914 ad
1204 1842 1324 1913 obser·

321 1962 527 2046 rationem,
545 1961 670 2056 primo
689 1959 809 2031 locoa
829 1984 889 2032 me
904 1962 944 2030 in
959 1959 1214 2059 Sepulchreto
1229 1982 1323 2030 nunc
1380 2044 1381 2089 1

321 2070 521 2148 indicatam
533 2076 598 2172 (4).
614 2081 665 2147 Ea
680 2077 907 2148 vermiculos
919 2076 1072 2174 quidem
1088 2077 1278 2175 proponit
1293 2078 1325 2145 in
1380 2096 1381 2173 ζ

322 2192 465 2280 rabidi,
481 2193 700 2282 ut⁴dicitur,
718 2194 828 2290 canis
854 2193 1028 2282 cerebro,
1045 2193 1106 2264 vel
1140 2196 1273 2292 potius
1296 2218 1326 2261 ιιι
1379 2188 1381 2229 ³

241 2356 243 2361 .
323 2311 527 2406 majoribus
549 2308 676 2398 bullis,
705 2316 893 2383 eviscoso
915 2316 1096 2410 putrique
1120 2314 1270 2383 cerebri
1290 2310 1326 2381 li-

325 2451 442 2523 quore
457 2426 623 2515 elevatis,
639 2426 706 2498 vel
718 2452 768 2498 ex
783 2443 887 2498 motu
910 2432 1079 2498 interiori
1092 2428 1325 2499 animadver-

325 2565 395 2614 sos.
414 2541 485 2613 Sed
504 2568 596 2614 num
614 2545 783 2615 cranium
807 2545 893 2617 satis
915 2545 1172 2616 examinatum
1199 2544 1324 2630 fuerit,

324 2685 374 2732 ne
390 2684 464 2757 qua
480 2661 539 2730 via
553 2658 648 2732 forte
666 2685 710 2731 ex
725 2660 860 2731 morbo
877 2661 950 2732 alio
965 2676 1110 2760 pateret
1131 2684 1323 2759 perquam
1381 2640 1382 2665 ¹

324 2775 520 2849 vermiculi
529 2777 751 2867 subiissent3
768 2803 859 2850 num
875 2779 960 2852 satis
971 2778 1194 2876 quaesitum,
1205 2781 1322 2854 verine

324 2894 379 2964 illi
393 2910 516 2965 essent
530 2894 747 2992 vermiculi,
764 2920 904 2968 numve
919 2897 959 2966 in
976 2886 1022 2971 ec
1038 2898 1216 2994 gramine
1230 2910 1323 2968 antea

324 3036 405 3085 non
423 3025 566 3100 essent,
582 3014 622 3082 in
642 3010 746 3109 quod
762 3012 981 3113 prolapsum
999 3013 1207 3085 cerebrum
1225 3015 1322 3112 longe

298 3204 302 3213 ,
325 3125 555 3216 diffluxerat,
571 3129 727 3227 ipseper
743 3154 781 3202 sc
791 3130 1002 3204 observatio
1012 3130 1212 3204 indicabit.
1223 3131 1321 3229 Equi·

326 3243 412 3315 dem
428 3268 579 3335 vereor,
602 3272 651 3319 ne
678 3248 709 3317 si
732 3252 903 3342 Reysius,
929 3234 1135 3321 ur'Auctor
1155 3249 1319 3348 optabat,

326 3360 627 3449 adstitisset‚non
638 3364 689 3435 ita
699 3361 804 3436 facile
813 3379 1071 3466 expuncturus
1083 3362 1220 3438 fuisset
1228 3360 1319 3462 quod

400 3677 410 3754 )
433 3679 728 3756 Epist.1,n.8et9.

433 3778 463 3833 S.
478 3775 529 3833 cit.
548 3775 582 3846 8,
594 3775 658 3832 obs.
676 3796 723 3833 ιι.
