2774 4666
192 445 260 491 mn.
287 443 312 488 1.
340 442 387 489 na
413 438 870 503 uoncrscar1r1s‚ur1sr.
898 439 953 485 111.
1012 419 1079 515 175

126 584 176 657 ¹9·
195 559 319 655 Super
342 552 523 627 Valsalvae
542 566 667 623 autem
684 552 760 648 jam
779 552 891 623 toties
912 576 1079 622 comme-

79 674 245 761 moratis,
264 686 302 742 et
318 668 553 742 confirmatis
561 668 912 756 observationibus,
931 670 962 740 si
979 693 1079 743 reso·

80 795 155 865 lutae
180 792 255 864 sint
285 788 457 887 corporis
478 787 634 861 sinistrae
661 801 804 883 partes3
830 787 879 858 ad
906 786 1077 865 dexteras

81 909 217 982 cerebri
233 908 367 979 vitium
385 929 465 977 esse
481 931 489 972 ε
509 905 538 975 si
549 903 727 993 dexterae,
746 903 792 979 ad
806 906 986 993 sinistras,
1000 930 1080 977 nou

80 1042 183 1127 puto,
204 1049 285 1097 esse
304 1024 413 1125 plura
433 1046 515 1120 quae
537 1047 583 1093 ex
601 1045 662 1092 me
680 1046 834 1118 quaeras.
852 1023 960 1097 Nosti
977 1023 1081 1095 enim

83 1168 154 1242 quae
177 1142 224 1214 dc
250 1141 365 1236 hujus
393 1140 449 1211 rei
479 1154 560 1210 tum
592 1138 888 1236 explicatoribus
918 1141 1082 1237 antiquis

83 1250 114 1332 et
138 1262 267 1346 novis,
301 1273 381 1329 tum
411 1257 697 1354 exceptionibus
725 1256 972 1354 quibusdam,
1002 1272 1082 1329 tum

84 1375 354 1463 additionibus,
380 1390 464 1447 tum
491 1374 571 1445 aliis
600 1375 892 1471 cujusquemodi
923 1374 972 1449 ad
1000 1399 1083 1447 eam
1154 1462 1157 1469 ¹

85 1492 357 1593 spectantibus,
373 1489 561 1563 habebam
580 1490 725 1578 dicere,
746 1516 789 1562 ea
806 1517 866 1567 me
876 1490 993 1567 ferme
1004 1516 1083 1563 om·

86 1614 139 1683 nia
154 1615 192 1682 in
211 1636 296 1683 eam
322 1633 435 1708 quam
455 1608 569 1708 paulo
589 1624 676 1681 ante
696 1611 924 1698 memoravi,
945 1609 1085 1708 episto·

87 1731 151 1802 lam
172 1729 427 1802 anatomicam
445 1727 500 1826 (ι)
519 1728 749 1824 conjecisse,
769 1743 909 1803 utnon
932 1727 1085 1801 attineat

87 1848 140 1932 hic
157 1851 305 1921 iterare.
321 1850 449 1918 Unum
468 1846 755 1935 tantummodo,
779 1861 843 1921 aut
859 1847 1020 1921 alterum
1037 1845 1086 1918 ad

89 1969 198 2065 prima
222 1967 288 2040 illa
319 1965 395 2069 duo
424 1966 547 2064 capita
567 1989 724 2062 possum
747 1965 921 2061 adjicere.
941 1967 1035 2037 Nam
1056 1965 1086 2037 si

90 2081 173 2156 forte
188 2086 313 2183 legas,
341 2082 447 2181 quod
466 2081 514 2157 ad
538 2081 785 2178 explicatores
806 2083 891 2167 illos
911 2085 1087 2180 antiquos

91 2218 241 2301 spectat,
261 2206 370 2301 Casp,
391 2197 663 2271 Hoffmannum
683 2198 737 2296 (a)
753 2199 833 2273 hac
847 2200 1086 2273 scribentem:

92 2324 169 2389 Fuit
183 2319 264 2391 hoec
283 2332 373 2389 ante
390 2315 574 2393 Galerium
586 2320 734 2391 Aretoei
746 2324 964 2391 sententia...
975 2344 1089 2417 quam

95 2438 224 2507 Cassius
258 2434 561 2535 Iatrosoplu'sta,
591 2432 777 2532 problem.
812 2441 878 2522 lu,
914 2441 1089 2532 requitur,

97 2552 151 2622 rt.
170 2579 194 2623 a
217 2555 563 2650 Veiga....nominat
577 2556 691 2625 etiam
707 2549 1036 2645 HalyAbbatem,
1056 2567 1095 2622 et
1151 2630 1157 2636 ,

96 2670 262 2761 Felicem,
284 2696 378 2769 quos
395 2695 472 2741 non
490 2669 589 2743 vidi.-
603 2675 697 2758 imo,
715 2676 797 2767 quia
814 2678 862 2745 sit
878 2672 941 2743 ille
957 2670 1091 2762 Folia,

97 2795 228 2859 nescio:
249 2790 283 2862 si
303 2788 401 2878 haec,
418 2790 576 2886 inquam
596 2787 722 2886 legas;
748 2788 867 2862 nolim
891 2790 1093 2885 suspiceris

99 2907 265 2979 omissum
300 2931 321 2977 a
346 2931 406 2978 me
432 2930 512 2980 esse
541 2907 580 2979 in
606 2931 652 2979 eo
680 2904 799 2981 Felice
826 2906 1093 3003 explicatorem

100 3188 239 3275 sinistrum
251 3192 468 3270 frequentiores
489 3213 567 3265 esse,
589 3204 618 3251 et
634 3194 667 3249 in
685 3204 771 3269 parte
787 3194 934 3249 anteriore
955 3212 1044 3268 quam
1065 3195 1097 3249 in

101 3294 275 3367 posteriore:
303 3293 425 3355 sedulii
447 3294 590 3357 viderunt
613 3313 732 3352 oausam
756 3313 891 3351 osseam
912 3293 1097 3370 frequentius

103 3386 130 3443 in
148 3392 297 3455 dexterum
320 3397 399 3455 latus
415 3393 540 3453 affluant
556 3394 733 3466 effusiones,
754 3395 927 3453 decubitum
951 3396 983 3451 iu
1005 3398 1098 3451 latare

104 3486 227 3564 dextero,
244 3494 388 3571 majorem
405 3495 520 3553 dexteri
534 3493 652 3555 brachii
665 3495 924 3567 exercitationem,
936 3495 1100 3571 prasertim

105 3591 206 3648 arteriae
220 3595 363 3652 carotidis
387 3573 514 3652 deiterae
540 3597 766 3675 dispositionem
787 3616 853 3672 quae
870 3596 989 3655 sinistra
1003 3593 1100 3671 major

107 3698 143 3743 est
153 3703 179 3747 et
185 3696 325 3766 parallela
336 3706 444 3753 trunco
457 3707 558 3767 aortae,
567 3696 647 3753 unde
658 3696 773 3753 facilius
786 3696 818 3751 in
825 3697 979 3753 dexterum
986 3693 1101 3753 cerebri

107 3786 173 3847 latus
183 3792 380 3851 abundantius
397 3793 502 3851 affluit.
517 3795 646 3872 (Adnoe.
659 3794 848 3872 Editnrum.)

143 3886 183 3967 (ι)
202 3893 295 3968 Epist.
314 3896 350 3952 13
363 3895 401 3951 ab
418 3916 447 3951 n.
467 3902 517 3966 14,
532 3896 571 3953 ad
584 3913 631 3968 27.
742 3954 770 3999 ο

146 3985 184 4066 (²)
204 3994 315 4051 COfflffl·
333 3995 365 4063 lu
382 3997 477 4061 Gelan
491 3997 528 4057 de
544 4015 589 4054 us.
606 4007 685 4072 part.
699 3999 720 4053 l.
738 4016 787 4065 10,
800 4016 826 4052 c.
843 4014 893 4064 ra,
906 4004 960 4050 etc.
