2782 4668
277 463 352 560 ‘39⁰
443 484 490 530 nu
515 447 661 530 sununs
685 482 729 528 ur
754 479 879 528 causis
904 479 1113 527 uorsonuu

278 596 554 671 medicamento
583 593 765 664 adurente
793 593 990 690 imposito,
1018 616 1094 692 qua
1113 592 1174 662 via
1205 594 1272 664 cito

277 712 605 811 frequeusbumor
620 708 709 782 ferri
718 710 831 808 coepit
842 736 852 797 3
863 711 1119 807 processitque
1137 709 1274 808 aliquot
1378 696 1379 703 ἵ

276 833 376 921 dies,
397 829 536 928 quibus
557 853 654 926 aeger
677 828 839 925 quietior
862 824 951 915 fuit,
980 841 1022 897 ut
1042 851 1220 924 surgere,
1242 842 1275 898 et

277 972 345 1049 per
353 949 449 1019 aedes
466 945 658 1019 ambulare
675 946 754 1017 siue
775 945 832 1017 sui
840 960 903 1016 aut
924 944 1075 1016 alterius
1094 968 1194 1015 noxa
1203 945 1276 1039 jam

275 1081 410 1168 posset.
430 1066 555 1136 Minus
569 1079 693 1134 tamen
719 1064 926 1160 resipuerat
944 1087 1058 1160 quam
1078 1064 1152 1160 ipsi
1184 1072 1277 1160 opus

275 1197 386 1270 esset3
402 1207 487 1255 nam
508 1179 610 1279 quod
629 1180 768 1252 diutius
780 1179 1004 1252 servandum
1019 1178 1125 1251 ulcus
1140 1177 1279 1266 fuerat,

275 1301 383 1373 nullo
409 1315 519 1398 pacto
550 1325 570 1370 a
596 1298 775 1397 chirurgo
801 1298 962 1395 amplius
988 1298 1120 1394 attingi
1147 1296 1275 1368 voluit.

276 1423 371 1490 Cum
388 1432 588 1517 propterea
599 1416 705 1488 ulcus
718 1431 945 1512 senesceret,
960 1440 1084 1513 neque
1098 1432 1211 1486 meus
1224 1413 1280 1485 ad·

275 1535 352 1606 huc
368 1537 453 1607 satis
470 1533 863 1621 constaret,auxilium
881 1531 984 1630 quod
1002 1547 1110 1603 autea
1129 1547 1275 1629 optave-

273 1678 367 1739 ram,
377 1670 509 1723 natura
522 1651 615 1723 tulit.
625 1651 769 1723 Biliosis
778 1651 879 1722 enim
887 1648 1058 1748 pluribus
1072 1674 1142 1747 per
1153 1649 1275 1720 alvum

276 1768 498 1855 fluentibus,
537 1767 648 1840 simul
682 1768 826 1839 insania
854 1767 1018 1863 reliqua,
1043 1767 1161 1838 simul
1191 1767 1275 1838 novi

275 1885 400 1957 morbi
411 1885 579 1981 periculo
592 1885 737 1956 solutus
746 1901 800 1957 est
812 1885 1051 1993 post3primos
1060 1883 1276 1955 novembris

276 2001 364 2073 dies.
381 2004 474 2069 Nam
489 2002 659 2098 quamvis
672 2000 785 2097 paulo
802 2016 887 2098 post
905 2002 961 2072 sui
976 2001 1070 2097 juris
1085 1998 1207 2089 sacto,
1218 2025 1275 2072 eo·

277 2142 352 2215 que
382 2118 599 2216 plusquam
621 2132 832 2215 oporteret,
848 2117 990 2203 edenti,
1009 2133 1122 2215 atque
1145 2117 1275 2188 ambu-

276 2236 367 2306 lanti
378 2260 488 2306 crura
499 2237 635 2306 iterum
649 2236 915 2306 intumuissent
926 2261 936 2318 ;
947 2232 1051 2306 facile
1060 2239 1217 2307 evanuit
1226 2250 1278 2306 tu·

274 2352 490 2424 mor'statim
501 2376 543 2422 ae
558 2351 629 2423 sibi
641 2353 681 2422 in
697 2377 738 2424 re
748 2368 908 2449 utraque
919 2352 1151 2450 temperavit.
1161 2352 1277 2423 Habes
1378 2414 1379 2429 .

276 2485 460 2568 quantum
477 2471 608 2574 junior
629 2471 948 2557 animadvertere,
967 2492 1094 2567 agere,
1112 2485 1150 2541 et
1171 2485 1277 2542 autu-

275 2610 378 2658 mare
393 2602 484 2658 tuuc
503 2588 610 2683 potui
622 2576 662 2655 in
682 2586 861 2684 singulari
881 2587 1053 2684 exemplo
1064 2586 1110 2658 ad
1122 2588 1275 2659 morbo·

273 2730 359 2775 rum
378 2704 631 2787 successiones
650 2717 862 2799 spectante,
880 2702 927 2774 ad
945 2719 1215 2800 argumentum
1233 2705 1277 2775 vi·

273 2820 409 2892 delicet
426 2818 581 2889 medicis
599 2818 778 2916 perutile,
798 2844 919 2916 eoque
938 2821 1274 2922 allagliro(1)pri·

223 2928 227 2943 ¹
272 2938 344 3007 mis
361 2939 468 3035 quasi
485 2937 594 3008 liueis
612 2933 897 3024 adumbratum,
921 2962 992 3009 nec
1008 2939 1135 3010 minus
1152 2954 1274 3011 tamen

272 3054 320 3126 ab
338 3057 436 3153 ipso,
457 3054 505 3125 ab
521 3058 716 3125 Reusnero
733 3052 808 3150 (α),
835 3053 883 3126 ab
898 3054 979 3125 aliis
1004 3052 1273 3144 desideratum,

274 3171 501 3269 putantibus.
514 3171 560 3242 ad
578 3156 686 3243 suum
704 3195 826 3268 usque
849 3185 997 3269 tempus
1024 3169 1137 3243 fuisse
1158 3175 1273 3244 nemi·

273 3312 361 3358 nem
373 3289 438 3385 qui
454 3288 547 3359 illud
564 3303 721 3360 tractare
732 3292 926 3386 aggressus
939 3303 1044 3361 esset.
1054 3293 1272 3388 Aggressum

274 3421 400 3477 tamen
419 3403 531 3476 fuisse
550 3410 776 3505 Prosperum
790 3422 962 3479 nostrum
977 3405 1180 3506 Alpinum,
1199 3408 1270 3478 haec

271 3522 489 3593 Boerhaavii
504 3523 619 3621 verba
634 3524 803 3596 indicant
815 3524 888 3622 (3):
912 3525 1271 3623 Uttnompossiderc·

307 3824 351 3902 (t)
373 3825 500 3899 Specim.
515 3824 605 3880 trium
616 3825 757 3901 reliquor.
770 3778 875 3885 libror.
891 3830 927 3886 de
940 3829 1029 3886 Fibra
1039 3832 1132 3885 Motr.
1145 3849 1171 3886 c.
1186 3847 1212 3884 1.

306 3923 351 4001 (2)
373 3923 448 4000 Eph.
462 3927 500 3980 N.
516 3927 549 3980 C.
565 3924 648 3981 Ceut.
665 3924 697 3992 5,
710 3926 781 3983 Obs.
797 3929 826 3982 ὃ.

307 4024 351 4103 (3)
371 4025 653 4084 Praelect.in1nstit.
669 4029 684 4097 S
698 4028 774 4105 942.ss
