2784 4668
308 444 375 528 124
471 465 518 512 nr
544 462 690 515 sautans
713 462 758 510 ar
782 460 906 529 causis
931 460 1140 513 noanonnu

358 603 415 676 17,
430 581 552 649 Senex
571 600 692 650 annos
708 577 943 677 septuagina
959 590 1071 649 natus
1090 576 1132 647 in
1150 572 1314 647 humum

306 710 463 795 repente
486 693 604 781 cadit,
630 695 779 766 sinistra
795 710 902 792 parte
922 695 1093 793 corporis
1109 691 1316 783 movendi,

270 862 273 869 ·
308 826 346 883 et
367 811 553 884 sentiendi
571 808 747 883 facultate
773 809 922 902 orbata,
940 811 1093 884 dextera
1106 825 1236 883 autem
1256 812 1316 883 in·

305 1129 371 1187 aliis
385 1129 503 1187 tandem
521 1149 596 1206 opus
611 1141 655 1188 est
675 1142 927 1201 consummatum,
945 1130 1148 1187 membranula
1174 1127 1241 1204 ipsa
1265 1147 1315 1188 re·

307 1239 409 1303 sorpta
420 1231 468 1286 vel
482 1232 676 1307 agglutinata,
690 1243 719 1287 et
729 1227 803 1286 nihil
817 1221 950 1305 superest
961 1226 1018 1287 nisi
1031 1229 1166 1287 cicatrix.
1182 1230 1220 1285 In
1234 1246 1316 1285 cere-
1384 1288 1385 1309 χ

305 1326 362 1385 bro
372 1328 496 1386 totidem
509 1341 577 1386 sunt
590 1330 758 1401 cicatrices,
775 1333 824 1387 vel
840 1333 1005 1388 cavernula
1022 1348 1128 1387 serosae
1142 1340 1218 1405 quot
1231 1328 1315 1403 prius
1384 1318 1385 1325 ἵ

306 1426 435 1485 insultus
457 1430 642 1507 apoplexiae(
658 1434 772 1502 litori,
789 1432 909 1487 Dissert.
933 1433 1033 1504 r'rraug.
1050 1449 1101 1485 sur
1114 1428 1314 1503 l'upoplexie,

306 1528 395 1596 aotlt,
414 1529 519 1607 1814).
531 1531 666 1588 Medicus
685 1533 869 1601 Gurnsnnr,
894 1528 1024 1588 hominis
1039 1528 1196 1602 cujusdam
1210 1528 1315 1585 obser·

303 1627 438 1685 vationes
454 1628 561 1700 edidit,
583 1631 650 1705 qni,
669 1631 748 1688 intra
763 1649 875 1706 paucos
892 1649 1001 1700 annos,
1024 1625 1104 1684 haud
1124 1628 1214 1684 semel
1240 1643 1314 1701 apo-

304 1728 405 1801 plexia
415 1730 568 1802 perculsus
580 1729 692 1801 fuerat,
703 1742 732 1787 et
743 1731 776 1786 in
787 1731 909 1787 cerebro
919 1730 1004 1803 cujus
1021 1727 1161 1784 extabant
1174 1727 1224 1783 vel
1241 1744 1315 1801 qua·
1382 1708 1386 1727 ¹

304 1836 376 1883 tuor
383 1830 556 1884 cavernulae.
568 1828 626 1886 Sed
639 1829 713 1901 quid
722 1841 791 1886 sunt
802 1827 847 1886 hae
856 1829 1064 1886 membranulae
1076 1827 1088 1882 i
1099 1828 1183 1902 Opus
1191 1820 1314 1883 evidens

304 1936 418 1983 naturae
429 1927 609 1984 mediatricis
618 1927 780 1984 secundum
792 1927 902 1999 niobe,
915 1927 1087 1986 substantiae
1098 1926 1213 1984 cerelni
1226 1920 1317 1984 trans-

304 2023 513 2083 formationes.'
527 2026 696 2086 Secundum
717 2027 807 2099 alios,
832 2027 1032 2085 exundationis
1055 2008 1251 2084 albuminosae
1273 2023 1317 2082 el·
1386 2070 1387 2101 ,

299 2123 394 2181 sectus
416 2124 493 2182 sicut
508 2126 541 2182 in
555 2126 729 2184 vulneribus
754 2128 841 2184 novis
869 2128 978 2185 evenit.
995 2126 1222 2197 Nihilominus,
1248 2142 1315 2195 cece
1386 2114 1387 2127 ³

304 2225 413 2300 gradus
422 2220 512 2298 hujus
522 2225 620 2302 operis
634 2238 746 2283 naturae
760 2247 766 2281 :
782 2227 900 2284 duobus
912 2229 959 2284 vel
972 2227 1067 2285 tribus
1078 2236 1146 2302 post
1153 2224 1315 2301 apoplexiae

304 2322 446 2380 insultum
462 2325 582 2395 diebus,
602 2326 634 2381 in
651 2327 774 2383 cerebro
792 2327 943 2382 invenitur
959 2326 1057 2383 erosio
1074 2324 1231 2401 inaequalis
1248 2344 1315 2383 san·

305 2421 425 2498 guinem
448 2424 496 2479 vel
517 2421 642 2479 fluidum
661 2424 710 2479 vel
727 2425 914 2499 coagulatum
939 2424 1119 2480 continens:
1138 2435 1249 2498 quarto
1271 2424 1318 2481 vel

303 2520 411 2598 quinto
432 2521 496 2595 die,
516 2523 595 2580 circa
615 2521 716 2580 focum
735 2521 849 2579 cerebri
866 2522 1031 2580 substantia
1055 2524 1185 2580 colorem
1206 2522 1315 2580 flavum

305 2621 406 2693 ducit,
420 2622 497 2680 sicut
507 2624 539 2679 in
552 2623 779 2680 contusionibus
793 2622 920 2679 externis
936 2622 997 2680 cuti
1008 2623 1125 2680 accidit.
1133 2623 1260 2680 Decimo
1271 2623 1317 2680 rel

275 2737 278 2747 ·
304 2723 495 2799 quindecimo
507 2723 575 2794 die,
590 2723 740 2799 sanguinis
753 2723 905 2780 concretio
916 2723 1080 2799 parietibus
1096 2722 1156 2781 loci
1164 2718 1312 2780 adhaeret:

304 2844 370 2899 quae
392 2824 520 2899 parietes
531 2822 705 2880 rubicundae
720 2842 755 2880 ac
771 2823 875 2880 molles
892 2822 917 2879 si
931 2822 965 2878 in
980 2833 1082 2880 tenues
1095 2823 1221 2880 laminas
1235 2824 1313 2880 diri-

301 2927 415 2982 duntur
431 2924 486 2982 sub
500 2925 617 2982 interna
628 2924 781 2980 invenitur
793 2922 907 2981 cerebri
919 2922 1085 2980 substantia
1101 2922 1179 2980 sicut
1193 2923 1314 2997 punctis

304 3027 406 3083 rubris
421 3027 577 3082 maculata.
593 3025 735 3081 Nondum
747 3034 828 3082 extat
843 3025 1062 3105 membranula,
1077 3025 1128 3082 sed
1144 3024 1257 3082 lamina
1266 3042 1317 3081 ru·

304 3126 392 3182 beola
408 3124 537 3183 exterior
559 3105 761 3183 rudimentum
783 3136 836 3182 est.
858 3124 984 3182 Tardius
1008 3124 1186 3181 obliteratur
1204 3125 1317 3196 rubor,

304 3225 509 3285 membranula
523 3223 689 3281 evidentius
701 3236 833 3301 apparet.
854 3227 926 3281 Post
949 3226 1061 3281 multos
1080 3242 1175 3281 annos
1194 3223 1316 3282 videtur

306 3325 464 3381 cavernula
485 3322 580 3396 flava,
601 3335 630 3382 et
645 3343 743 3382 serum
759 3324 980 3382 albuminosum
997 3325 1173 3394 continens3
1196 3325 1316 3381 tandem

306 3426 370 3481 sola
385 3423 525 3495 cicatrix,
544 3425 584 3482 ob
599 3425 660 3482 foci
677 3425 940 3503 agglutinationem
951 3427 1000 3482 vel
1012 3426 1064 3483 illo
1080 3440 1137 3502 per
1149 3424 1317 3502 absorptio

305 3545 373 3582 nem
387 3520 549 3582 destructo.

346 3624 379 3681 si
393 3608 509 3682 medico
529 3627 627 3683 Sarrae
650 3624 722 3684 fides
742 3622 938 3696 adhibeatur,
952 3643 1016 3681 non
1032 3643 1069 3681 ea
1090 3622 1319 3695 tantummodo,

307 3738 397 3801 quam
420 3723 527 3795 eflicit,
549 3725 753 3784 membranula
774 3743 873 3784 serosa
891 3718 987 3781 utitur
1009 3735 1132 3780 natura:
1145 3721 1229 3781 haud
1248 3739 1315 3780 raro

305 3824 383 3882 euim
397 3824 552 3884 effusionis
569 3828 636 3884 loco
651 3828 747 3883 solum
762 3825 913 3882 invenitur
927 3825 975 3881 vel
998 3822 1120 3884 cicatrix
1140 3821 1218 3880 flava
1241 3821 1315 3880 sicut

303 3926 382 3985 linea
394 3928 527 3998 undosa,
544 3929 598 3991 vel¹
608 3937 704 3987 textus
715 3927 896 3996 laminosus,
912 3904 1007 3987 ssavus
1023 3942 1058 3982 ae
1068 3924 1269 3981 indurescens.

860 4024 995 4102 (Amor.
1010 4021 1196 4100 Editorum).
