2798 4668
312 396 384 471 580
480 416 527 467 or
552 416 697 469 sumnus
722 418 767 466 ιιι
792 418 915 469 cauus
940 415 1155 470 uuuruauu

307 534 523 608 memoravi.
553 534 631 604 Nec
655 556 744 605 sane
763 532 873 605 aliter
890 534 1080 629 ejusmodi
1111 560 1224 609 casus
1246 558 1319 610 esse

308 649 566 749 explicandos,
583 650 729 722 censuit
745 652 826 748 ipse
843 676 996 749 quoque
1015 651 1179 727 illustris
1198 655 1319 726 Halle-

304 791 464 840 ruscum
472 766 573 854 alibi,
585 783 666 839 tum
684 767 723 838 in
739 767 933 866 opusculis
941 769 1237 867 anatomicis(1),
1246 773 1319 868 qui
1391 846 1392 853 χ

305 885 398 974 bus,
415 910 486 982 pro
496 885 630 956 eximia
645 907 711 957 sua
723 908 812 982 erga
821 906 882 954 me
899 884 1154 976 humanitate,
1169 912 1316 975 meum,

304 1004 415 1102 quale
438 1002 642 1099 idcumque
672 1016 755 1090 est,
785 1001 985 1074 honestare
1006 1002 1129 1075 voluit
1156 1029 1316 1092 nomen,

304 1145 391 1193 cum
410 1135 447 1192 et
471 1141 575 1191 suam
600 1117 716 1214 hujus
739 1120 887 1225 generis
913 1121 953 1191 in
976 1117 1145 1192 femineo
1175 1123 1316 1218 pariter
1391 1182 1392 1185 ι

303 1235 398 1311 foetu
423 1219 767 1323 accuratissimam,
795 1249 837 1306 ut
867 1234 988 1324 solet,
1013 1235 1319 1309 observationem

301 1354 523 1455 proposuit,
540 1368 577 1425 et
597 1350 737 1424 alienas
750 1351 939 1450 plurimas
953 1379 1029 1450 qua
1037 1378 1188 1426 summa
1201 1355 1319 1454 pollet
1391 1382 1392 1385 ¹

302 1469 541 1558 eruditione,
569 1471 610 1540 in
639 1468 775 1566 hisque
810 1469 1065 1567 expositarum
1104 1472 1317 1544 simillimas

299 1588 534 1661 memoravit.
554 1586 762 1661 Cerebrum
778 1588 892 1689 igitur
908 1612 929 1659 a
945 1588 1171 1687 primordiis
1186 1590 1231 1661 in
1250 1615 1317 1662 suo

299 1703 393 1780 foetu
418 1731 498 1779 non
522 1702 684 1778 defuisse
712 1702 914 1777 confirmat
932 1705 989 1803 (a)
1004 1707 1049 1778 iis
1073 1706 1312 1795 rationibus,
1391 1692 1392 1737 i

300 1848 385 1922 quoe
415 1847 495 1894 non
515 1845 683 1894 secusne
704 1823 1054 1921 pleraequeaclaro
1079 1822 1249 1897 Iaufero
1262 1824 1314 1922 (3)

298 1940 513 2040 productae,
531 1934 728 2012 transferri
746 1954 905 2036 possunt
920 1938 968 2011 ad
988 1940 1082 2013 aiios
1101 1938 1312 2014 foetushu·

296 2059 403 2155 jusce
423 2058 581 2154 generis.
603 2057 808 2130 Accessisse
819 2071 950 2155 postea
963 2080 1112 2137 causam
1128 2084 1315 2159 quaeapc·

299 2175 394 2247 riret
407 2175 485 2247 vias
504 2200 573 2274 pet·
593 2199 689 2272 quas
703 2173 907 2247 cerebrum
924 2200 944 2247 e
964 2198 1028 2246 sua
1052 2174 1166 2247 theca
1191 2176 1315 2251 effun-

299 2292 465 2365 deretur.
492 2297 537 2363 Et
563 2316 652 2364 sane
680 2275 961 2365 manifestas'in
979 2292 1157 2390 pluribus
1181 2292 1316 2376 fuisse,

230 2493 234 2500 ⁶
300 2409 423 2498 videS,
434 2424 476 2481 ut
495 2406 665 2481 foramen
678 2409 717 2479 in
732 2408 1001 2506 Mouspeliensi
1015 2408 1093 2505 (Δ),
1117 2425 1156 2482 et
1168 2412 1313 2484 Foruli·

299 2528 419 2599 riensi
437 2542 587 2617 nostro,
603 2542 641 2599 et
659 2527 699 2597 in
716 2541 849 2599 nostro
864 2525 982 2598 altero
998 2529 1180 2600 Patavino
1198 2528 1313 2628 (stin

299 2669 376 2743 quo
401 2636 566 2717 necdum
593 2630 787 2715 effluxerat
804 2658 937 2715 totum.
964 2645 1093 2716 Hiatus
1116 2661 1252 2719 autern
1277 2649 1313 2718 in
1391 2640 1392 2657 ¹

297 2761 494 2836 nonnullis
514 2760 669 2833 fuerunt
688 2785 759 2859 per
774 2764 869 2857 quos
886 2775 1009 2832 totum
1026 2761 1239 2858 prodierat.
1257 2769 1312 2839 Sic
1391 2816 1392 2821 κ

229 2950 233 2957 ,
297 2881 339 2949 in
360 2903 405 2950 eo
422 2878 562 2976 dequo
578 2877 829 2949 Gullmannus
856 2877 931 2974 (6),
960 2882 1109 2974 occeptat
1135 2899 1313 2978 apertum

299 2997 386 3094 lego
411 3021 494 3068 cum
508 3000 723 3094 perieranii'
746 3000 963 3066 extensione
986 3019 1148 3091 magna,
1178 3004 1219 3068 in
1239 3026 1311 3097 que
1391 2982 1392 3061 i

301 3127 384 3183 tota
402 3114 545 3185 cerebri
566 3112 682 3183 moles
700 3126 783 3182 erat
800 3110 952 3185 melma.
975 3111 1205 3206 Cuiusmodi
1237 3119 1309 3189 sive
1391 3150 1392 3203 1

404 3453 516 3526 Opust.
532 3453 588 3508 IX.

178 3764 191 3777 ”
292 3775 294 3780 ·
403 3753 521 3806 Marcot
533 3749 582 3805 cit.
598 3765 687 3821 snpra
699 3748 737 3804 ad
749 3767 780 3804 ιι.
792 3747 821 3803 6.

354 3849 500 3925 5Epist.
512 3848 586 3905 ibid.
601 3847 709 3918 indic.‚
723 3867 755 3902 ιι.
769 3847 817 3918 78.

401 3950 478 4027 Eph.
493 3950 530 4007 N.
546 3950 579 4006 C.
599 3950 682 4004 Ceut.
702 3948 800 4017 qobs
812 3964 865 4022 92
971 4016 977 4027 ὁ

331 3450 384 3527 (1)

322 3548 483 3726 gi
402 3651 481 3706 Diu.
494 3667 554 3724 qua
565 3647 702 3704 infans
680 3666 743 3703 une
757 3648 896 3721 cerebro,
910 3660 966 3709 etc.
977 3654 1022 3722 s
1036 3650 1053 3708 3
1069 3663 1099 3708 et
1112 3671 1180 3728 seq.

337 3748 384 3928 t

338 3949 369 4026 (6
370 3950 381 4027 )
