2774 4666
300 419 369 490 218
462 442 509 488 DE
535 440 680 489 sumans
704 440 749 486 ΕΤ
773 439 897 487 caus1s
923 440 1133 489 MORBORUM

299 581 382 655 quae
397 579 466 653 per
479 554 614 626 urbem
634 551 922 642 circumferens,
939 551 1077 625 infimae
1092 553 1196 653 plebi
1212 580 1294 625 ven·

216 723 226 742 .
299 673 421 746 debat.
447 677 526 743 Hoc
552 671 643 743 dum
674 669 810 744 laceret
834 671 894 744 die
920 671 1085 768 quodam
1114 671 1294 762 octobris,

299 815 401 863 anno
421 815 510 888 ¹7⁰7
522 843 531 876 ,
545 791 584 860 in
595 791 674 887 ipsa
686 790 744 860 via
758 790 922 888 primum
934 790 1136 878 vacillavit,
1149 789 1294 863 moxibi
1378 822 1380 841 ⁴

299 908 450 995 cecidit,
463 908 563 980 illico
581 923 772 997 mortuus,
795 907 906 987 livida
933 905 1045 994 facie,
1061 908 1171 997 vin0‚
1195 907 1293 1006 quod

299 1024 464 1112 biberat,
491 1050 559 1123 per
575 1050 637 1114 os,
664 1050 848 1124 naresque
864 1027 975 1099 simul
993 1050 1080 1098 cum
1097 1027 1296 1125 sauguino-
1379 1034 1380 1037 ’

300 1144 402 1215 lento
417 1143 598 1232 humore,
616 1142 815 1216 defluente.

349 1260 514 1333 Cadaver
530 1261 751 1360 cumpraecl.
770 1261 972 1333 Santorino
987 1259 1169 1360 postridie
1182 1263 1296 1359 inspi-

301 1379 460 1466 cientes,
478 1379 629 1453 brachia
646 1378 835 1477 subrigida
857 1394 894 1450 et
913 1393 1124 1467 contracta,
1149 1380 1296 1477 squalli-

301 1495 392 1568 dum
419 1498 589 1597 corporis
610 1497 781 1571 habitum
799 1521 843 1571 ac
858 1495 1020 1585 foedum,
1037 1511 1074 1569 et
1093 1497 1300 1595 superhaec

299 1631 489 1688 recentem
512 1617 551 1688 in
574 1616 692 1688 altero
716 1617 872 1714 inguine
899 1616 1067 1688 bubonis
1089 1616 1297 1691 cicatricem

301 1732 629 1831 deprehendimus.
645 1738 826 1806 Ventrem
851 1733 988 1808 deinde
1005 1731 1234 1807 incidimus:
1249 1734 1298 1829 je·

302 1873 448 1947 curque
469 1865 505 1924 et
521 1850 658 1924 lienem
672 1876 827 1950 magna3
845 1850 908 1924 sed
926 1849 1299 1938 huncllaccidiorem,
1380 1902 1381 1941 ,

302 1966 396 2038 illud
412 1966 524 2064 paulo
544 1967 697 2057 durius,
714 1986 750 2041 et
776 1968 938 2043 albidius
960 1969 1185 2040 invenimus.
1214 1973 1300 2043 Pan-
1380 1954 1381 2015 i

237 2180 240 2185 Ι
304 2106 407 2157 creas
432 2108 586 2182 quoque
611 2086 743 2160 durius
766 2085 846 2161 luit.
869 2087 1111 2160 Ventriculus
1135 2102 1303 2175 antrum,

305 2202 410 2299 quod
437 2216 593 2290 vocant,
614 2204 737 2301 pylori
766 2205 944 2277 deorsum
969 2229 1100 2277 versus
1126 2204 1198 2276 sub
1224 2207 1300 2303 ipso

304 2321 485 2392 umbilico
500 2321 770 2418 protendebat:
795 2324 867 2395 coli
882 2339 1008 2395 autem
1030 2324 1198 2397 intestini
1222 2347 1303 2421 pars

304 2437 368 2507 illa
382 2461 465 2534 quaa
481 2438 691 2509 ventriculo
715 2437 891 2510 subtendi
909 2439 1021 2527 solet,
1040 2435 1140 2511 inira
1155 2439 1303 2511 umbili-

306 2578 393 2625 cum
410 2579 478 2652 per
493 2554 659 2627 medium
674 2557 816 2628 ventris
836 2556 1044 2630 secuudum
1061 2555 1176 2652 hujus
1191 2556 1306 2655 lougi-

307 2676 498 2765 tudinem,
536 2675 644 2747 valde
679 2692 856 2774 angusta,
888 2676 1149 2750 descendebat.
1188 2680 1306 2751 Multo

308 2820 422 2893 quam
433 2795 653 2892 haec,magis
663 2795 710 2867 ab
721 2795 882 2866 naturali
892 2796 964 2867 situ
973 2795 1154 2868 vertebrae
1165 2821 1305 2885 omnes,

224 2929 229 2938 ·
310 2936 392 3008 quae
420 2911 468 2982 ab
491 2914 565 2981 ima
594 2913 738 2983 cervice
769 2912 816 2983 ad
846 2936 888 2983 os
919 2936 1065 2984 sacrum
1099 2915 1307 3011 pertinent,

308 3029 543 3101 aberrabant.
562 3030 655 3099 Nam
671 3044 791 3118 totus,
808 3030 874 3126 qui
891 3029 950 3101 his
966 3029 1117 3101 duobus
1139 3033 1306 3104 terminis

308 3147 547 3243 interjicitur,
559 3149 673 3245 spinae
691 3163 831 3219 tractus
848 3147 1104 3220 sinistrorsum
1119 3148 1218 3221 adeo
1228 3175 1307 3222 cur-

307 3263 483 3351 vahalim,
496 3280 536 3335 ut
550 3281 756 3336 curvaturae
767 3264 991 3337 mediumab
1005 3280 1105 3337 recta
1115 3266 1218 3337 linea
1229 3293 1305 3366 qua

308 3383 407 3451 inter
424 3381 520 3452 duos
537 3408 601 3456 eos
613 3384 795 3455 terminos
812 3382 924 3454 ducta
942 3397 1062 3469 esset,
1077 3398 1305 3457 transversos

308 3498 445 3597 digitos
457 3499 542 3596 plus
558 3518 701 3599 septem
716 3501 879 3572 distaret.
895 3504 1075 3571 Praeterea
1095 3517 1176 3572 erat
1197 3505 1304 3601 spina

249 3641 254 3648 ’
309 3619 474 3689 anterior
489 3616 599 3690 iacies
609 3620 687 3715 ipsa
706 3643 859 3715 quoque
878 3619 927 3688 ita
946 3618 1206 3690 sinistrorsum
1224 3644 1306 3690 con·
1381 3652 1382 3659 ¹

310 3760 435 3822 versa,
453 3750 494 3806 ut
510 3737 737 3832 posteriores
755 3735 1015 3808 vertebrarum
1023 3761 1226 3835 processus
1234 3738 1309 3809 dex·

309 3869 432 3924 terum
457 3854 734 3950 propemodum
761 3855 874 3952 spinae
899 3853 996 3928 latus
1018 3870 1203 3927 tenerent.
1227 3858 1306 3945 Quo

310 3997 355 4041 ex
374 3973 500 4068 positu
519 3971 769 4067 sequebatur,
791 3988 833 4043 ut
854 3973 1011 4045 sinistrae
1030 3998 1186 4070 quoque
1207 3987 1310 4046 costae
