2784 4668
173 424 237 470 nm.
264 425 288 471 1.
316 412 844 485 nauonn1sca1>1r1s‚m³1sr.
872 423 927 469 111.
984 403 1046 487 141

70 560 164 635 quam
180 537 304 609 ulcera
316 533 512 637 profunde
526 534 743 606 erodentia:
767 537 894 633 itaque
913 551 951 607 et
963 537 1051 608 Val-
1095 544 1097 549 ’

72 655 186 724 salvam
209 652 313 726 vides
333 655 373 724 in
392 668 557 750 quatuor
579 651 734 750 primis,
755 678 837 750 quae
856 653 1050 751 superiore

71 772 203 868 epistola
222 771 287 868 (1)
308 769 501 870 producta
520 786 631 858 sunt,
652 768 942 842 dissectionibus
964 795 1050 841 ero·

71 888 184 977 sionis,
202 904 238 960 et
257 886 487 963 corrosionis
498 886 692 959 vocabulis
711 910 822 959 usum
841 886 1062 985 esse,ipsa-‘

72 1030 128 1101 que
136 1004 313 1104 profundi
325 1005 463 1078 ulceris
476 1002 729 1076 similitudine.
741 1003 828 1074 Noli
837 1018 965 1103 tamen
978 1028 1053 1075 cre·

72 1120 142 1192 dere
153 1177 163 1212 ,
176 1114 252 1203 istas
263 1120 375 1195 fuisse
395 1142 485 1201 vera
503 1120 630 1191 ulcera
652 1120 692 1190 in
710 1119 825 1218 plexu
845 1118 1051 1209 choroide,

71 1239 225 1343 aut'buic
245 1240 428 1340 proximis
447 1238 657 1310 lateralium
679 1237 979 1309 ventriculorum
1003 1235 1053 1309 fa·

73 1355 180 1429 ciebus
202 1358 341 1429 sensim
360 1370 490 1444 aucta,
515 1369 557 1427 ut
576 1353 741 1451 denique
758 1353 805 1425 ad
824 1355 1052 1452 magnitudi-

73 1498 143 1546 nem
154 1490 295 1546 tantam
304 1474 558 1574 pervenirent.
571 1473 627 1544 Nc
638 1472 741 1543 enim
750 1471 812 1543 hic
828 1497 1051 1571 quaeramuS,
1132 1454 1135 1463 i

73 1615 147 1661 num
163 1617 211 1662 eae
224 1607 375 1690 partes,
390 1591 488 1662 salva
504 1589 579 1663 vita
590 1640 605 1678 ,
618 1603 655 1660 et
666 1588 859 1687 plerisque
872 1591 955 1661 vitae
969 1616 1052 1662 mu-

72 1709 128 1780 niis
144 1707 328 1805 ejusmmli
352 1706 508 1780 morbos
532 1703 708 1806 perferre„
721 1705 864 1779 diutius
883 1711 1051 1805 possint;

72 1823 148 1896 itud
159 1850 276 1897 unum
294 1823 596 1927 animadvertere
610 1826 696 1897 satis
715 1839 795 1914 est,
815 1849 902 1896 cum
922 1834 979 1896 tot
999 1851 1056 1897 ca·

73 1943 155 2038 pita,
170 1969 302 2016 eorum
321 1938 516 2039 etiamqui
533 1941 684 2015 suntad
704 1943 949 2042 sanguineam
969 1968 1056 2042 apo·

74 2058 211 2156 pieriam
225 2060 418 2141 exeadem
435 2083 546 2132 causa
562 2058 759 2158 dispositi,
776 2075 853 2131 tam
866 2082 962 2161 saepe
979 2086 1057 2134 onr-

73 2197 125 2247 aes
139 2175 363 2251 dissecemus
377 2205 388 2266 3
412 2198 609 2274 nunqmm
625 2191 762 2248 tamen
780 2178 820 2247 in
844 2177 1057 2251 istiusmodi

74 2291 179 2365 ulcera
194 2296 234 2368 in
253 2294 300 2368 iis
315 2320 397 2394 quae
417 2293 534 2366 modo
553 2293 788 2382 dictasunt,
810 2294 980 2391 partibus
996 2296 1057 2367 in·

76 2406 207 2501 chorita,
220 2428 260 2485 et
270 2414 418 2484 minora
438 2410 582 2500 adhuc,
597 2409 764 2483 incidere
777 2437 788 2501 ;
802 2411 868 2484 sed
886 2409 1002 2502 facta,
1020 2429 1058 2485 et

76 2529 145 2600 satis
162 2530 289 2630 ampla
313 2544 462 2602 tantum
489 2530 733 2628 conspicere,
751 2529 791 2599 in
816 2530 861 2600 iis
883 2530 1058 2602 videlieet

76 2667 154 2739 qnos
172 2649 307 2747 ingens
324 2648 380 2719 vis
400 2644 540 2720 occidit
560 2643 728 2742 ejusdem
747 2646 883 2717 morbi.
903 2650 980 2718 Nec
999 2662 1070 2751 ‘ta--

76 2782 146 2834 men
166 2761 316 2840 inficior
333 2818 343 2853 ,
362 2765 439 2834 imo
464 2763 566 2834 ultro
592 2787 780 2861 agnosco,
804 2763 851 2834 ab
878 2764 1057 2836 erodente

75 2879 168 2950 etiam
186 2864 342 2953 materia
368 2881 517 2952 initium
549 2903 629 2952 esse
659 2894 848 2959 tantarum
870 2879 1060 2953 laceratio·

75 3017 150 3067 num
162 3025 169 3068 ε
183 2997 249 3073 sed
260 2996 357 3069 illud
368 2997 520 3100 initiam
533 2997 613 3086 aio,
624 2997 700 3068 sive
710 2994 758 3069 ab
771 2998 965 3088 erosione‚
982 3001 1057 3071 sive

75 3133 92 3179 a
107 3111 338 3188 distractione
356 3117 403 3186 sit
420 3115 636 3187 tunicarum
653 3114 789 3203 unius,
809 3129 874 3186 aut
889 3115 1059 3213 plurium

76 3233 318 3322 vasculorum,
333 3232 555 3330 sanguinem
573 3255 642 3330 per
655 3230 901 3305 substantiam
916 3232 1061 3305 cerebri

77 3349 377 3447 convehentium,
400 3362 477 3420 tam
496 3373 575 3422 esse
593 3369 750 3448 parvum
766 3372 779 3436 ‚·
802 3363 840 3419 et
855 3349 1061 3422 obscurum

77 3464 179 3539 solere
192 3523 203 3557 ,
214 3484 256 3539 ut
268 3467 439 3567 quamvis
452 3482 529 3539 tam
544 3466 682 3539 crebro
701 3480 758 3538 tot
776 3450 1064 3565 cujusquemodi

77 3574 261 3657 hominum
276 3584 478 3665 ,cerebrum
487 3554 682 3657 {ssulatim
696 3582 963 3685 dissecuerim3
981 3611 1067 3657 nec·

109 3934 149 4013 (1)
167 3942 203 3997 N.
222 3960 258 4018 9,
280 3960 331 4013 11,
352 3942 401 4013 13,
422 3941 466 4001 15.
