2774 4666
325 429 395 505 236
490 456 537 500 nn
562 453 707 501 snnmns
732 455 776 500 nr
800 452 923 500 mosis
949 450 1157 500 nonnonnu

325 582 419 639 esset
434 590 566 637 omnes
582 566 692 637 simul
706 565 752 637 ad
770 564 967 637 cerebrum
984 565 1126 653 aditus,
1148 581 1211 637 aut
1227 591 1247 636 a
1261 591 1310 637 ce·
1370 596 1371 611 ἢ

302 756 306 767 ,
324 682 437 754 rebro
452 706 661 781 regressus,
678 705 821 781 pereas
836 684 1008 780 sanguini
1028 685 1187 754 omnino
1213 682 1308 754 obtu-

324 800 419 888 rari3
434 801 504 871 nisi
530 801 702 872 universa
726 799 1003 898 propemodum
1035 802 1231 888 arteriosa,
1257 813 1310 871 aut

323 940 462 988 venosa
488 919 657 1013 eorporis
681 940 785 1003 vasa,
810 932 847 987 et
875 917 999 988 cordis
1027 941 1115 988 cava
1146 930 1310 989 concreto
1371 930 1372 993 1

325 1035 504 1130 sanguine
526 1034 782 1131 replerentur;
808 1033 910 1104 unde
943 1049 1067 1104 tamen
1093 1035 1203 1105 citius
1225 1035 1310 1104 lenta
1371 1048 1372 1051 ’

324 1175 488 1250 syncope
500 1153 662 1222 oriretur
672 1176 785 1248 quam
795 1152 992 1250 repentina
1002 1150 1209 1250 apoplexia.
1219 1151 1311 1248 Equi·

325 1266 409 1339 dem
427 1270 468 1337 in
493 1267 736 1339 cadaveribus
756 1293 853 1367 saepe
868 1270 1007 1340 inveni
1024 1269 1211 1364 ejusmodi
1233 1293 1310 1339 eon·

326 1386 512 1457 cretiones
529 1385 588 1477 vel
603 1387 747 1457 invasis
761 1385 809 1457 ad
820 1386 1017 1458 cerebrum
1029 1385 1308 1482 pertinentibus

323 1527 454 1573 verum
472 1503 523 1574 sie
539 1500 634 1573 forte
652 1504 828 1600 contigit,
844 1518 886 1574 ut
911 1528 972 1575 eas
998 1528 1153 1602 perraro
1178 1504 1218 1574 in
1237 1529 1309 1600 apo·

226 1612 229 1617 ¹
324 1619 491 1717 plecticis
519 1619 869 1717 deprehenderem,
899 1645 1179 1717 nonnunquam
1211 1618 1309 1693 ferme

325 1737 475 1832 exiguas
488 1723 716 1823 invenirem,
732 1738 837 1834 quod
850 1737 918 1808 tibi
936 1753 973 1808 et
988 1738 1175 1835 superior,
1191 1752 1229 1808 et
1239 1736 1310 1821 hec,
1373 1778 1374 1839 3

324 1867 361 1923 et
377 1878 458 1949 quae
477 1866 655 1948 sequetur
671 1854 826 1951 epistola
844 1855 930 1925 satis
947 1853 1148 1939 indicabit3
1177 1869 1220 1924 ut
1235 1853 1311 1925 meis
1373 1852 1374 1865 ¹

324 1970 476 2065 quidem
494 1969 818 2041 observationibus
834 1971 988 2042 minime
1006 1969 1231 2043 confirmare
1240 1992 1310 2068 pos

324 2087 413 2174 sim,
430 2087 468 2157 id
484 2088 523 2187 in
539 2087 780 2185 apoplectieis
794 2111 873 2159 esse
879 2090 1235 2183 frequentissimum,
1248 2102 1311 2157 tan·
1329 2154 1331 2160 .

325 2215 404 2272 tum
420 2203 524 2274 abest
533 2218 576 2275 ut
591 2203 684 2273 mihi
692 2203 868 2274 acciderit
883 2203 988 2300 quod
1001 2204 1134 2292 alicui,
1147 2206 1188 2275 in
1199 2202 1311 2301 Sepul-

318 2319 455 2401 ehreto
467 2320 521 2417 (1)
534 2322 632 2418 leges
646 2312 843 2408 accidisse,
858 2336 901 2391 ut
916 2337 1102 2417 quotquot
1117 2321 1311 2420 apopleuia

324 2454 491 2510 mortuos
509 2444 677 2537 aperuit,
702 2444 743 2508 in
761 2440 931 2509 omnibus
948 2439 1029 2509 illas
1045 2453 1114 2508 aut
1128 2445 1167 2508 in
1193 2437 1309 2522 corde,
1375 2528 1376 2537 ἵ

324 2572 392 2627 aut
405 2562 442 2626 in
459 2558 606 2633 cerebro
616 2610 627 2643 ,
654 2561 775 2626 autin
795 2556 975 2627 ambobus
992 2561 1180 2652 reperiret.
1207 2558 1312 2651 Negas
1375 2540 1376 2619 ἶ

323 2673 455 2770 igitur,
468 2675 634 2771 inquies,
650 2672 754 2770 quod
765 2670 1031 2767 Martiniano)
1043 2673 1227 2770 exposuit,
1240 2695 1311 2742 son·

322 2796 444 2885 guenti
460 2796 656 2863 stationem
662 2791 758 2885 fieri
776 2795 1039 2863 existimavere
1058 2784 1313 2887 Hippocratem

325 2912 363 2976 in
371 2913 497 2994 venis,
514 2932 579 2978 seu
586 2912 731 2978 arteriis
741 2912 853 2976 totius
868 2910 1053 3007 corporis,
1065 2912 1103 2975 in
1116 2906 1312 3004 apoplexia

245 3112 247 3117 y
324 3046 413 3096 vero
423 3029 663 3122 potissimum·
673 3027 843 3121 intercipi
856 3048 939 3110 eas,
959 3046 1045 3118 quae
1058 3028 1192 3092 suntin
1206 3019 1311 3103 collo,

325 3158 362 3212 et
376 3148 585 3239 repertore.
602 3145 679 3238 Ego
694 3140 839 3212 veroid
863 3154 1010 3212 tantum
1035 3164 1154 3236 nege,
1176 3163 1240 3210 seu
1257 3160 1311 3234 po·

324 3261 398 3331 tius
413 3258 459 3329 de
474 3282 519 3329 eo
535 3273 680 3330 tantum
698 3258 832 3329 dubito
849 3256 953 3355 quod
971 3255 1099 3327 multis
1120 3271 1207 3353 post
1228 3257 1312 3326 Mar·

297 3419 300 3425 ,
325 3378 468 3449 tionum
486 3376 819 3463 certumvidetur,
843 3390 881 3446 et
898 3372 1254 3470 ¹frequentissimum
1279 3370 1312 3437 in

327 3496 380 3566 rei
404 3493 555 3591 quidem
573 3494 635 3563 illa
661 3493 907 3589 explicatione
925 3490 972 3562 de
986 3514 1074 3586 ,qua
1100 3490 1214 3587 paulo
1239 3501 1312 3557 ante

327 3612 558 3698 dictumest,
574 3633 790 3706 quanquam
805 3609 884 3705 ipsa
899 3629 1073 3678 vasorum
1085 3632 1168 3704 quer
1177 3607 1215 3675 in
1226 3602 1313 3675 collo

322 3782 1315 3813 ...w

367 3894 411 3971 (1)
433 3858 501 3950 Seet
514 3892 563 3948 eit.
581 3891 645 3947 obs·
659 3890 694 3962 37
710 3896 766 3962 51.

370 3994 414 4070 (α)
434 3995 546 4049 Annot.
559 3992 591 4047 in
604 3990 748 4066 Hippoer.
760 3993 780 4047 l.
794 3990 831 4048 de
842 3990 959 4051 Morbis
969 4008 1044 4047 vers.
1060 3987 1108 4053 tt.
