2784 4668
167 451 170 457 .
203 405 272 453 mr.
300 405 326 452 1.
355 401 966 469 bunoar1scir1r1s,rr1sr.111.
1023 380 1089 478 157

81 517 210 617 legato
223 519 291 590 illo
306 516 470 605 Danico,
490 514 536 587 de
559 541 638 612 quo
657 530 755 588 extat
773 516 1018 591 Weitbrechti
1038 519 1092 617 (ι)

78 635 317 735 observatio,
344 632 438 731 quid
464 633 774 721 sternutationes,
801 631 894 731 quid
915 635 1089 706 vomitio·
1166 668 1170 671 ·

77 779 176 843 nes,
196 754 249 825 sic
268 766 311 823 ut
331 765 480 825 tentatae
503 764 608 838 sunt,
626 751 677 821 ita
698 751 842 821 moveri
858 754 1088 850 potuissent,
1116 744 1118 749 ⁴

77 867 270 943 effeeturae
296 883 421 942 essent
445 871 485 939 in
512 867 934 966 ejusmodixapoplexia,
961 895 1089 946 mons·

70 986 196 1059 trabit
215 985 284 1058 tibi
305 984 499 1074 dissectio,
522 985 561 1055 in
580 985 778 1084 praecipuis
796 1008 885 1056 sane
906 988 993 1066 Titae
1018 990 1089 1063 dis-

75 1104 242 1177 sectioni
268 1103 474 1192 simillima,
499 1116 543 1174 ut
571 1099 672 1173 iufra
702 1100 756 1199 (2)
775 1126 989 1201 cognosces.
1009 1109 1087 1203 Ego

76 1212 172 1293 v'ero
192 1206 239 1292 eir
253 1222 297 1300 iis
315 1245 397 1318 quae
412 1233 706 1309 antecesserant,
721 1234 827 1292 tanto
841 1222 952 1294 citius
965 1245 986 1295 a
1001 1245 1089 1295 con·

77 1338 196 1410 citato
229 1340 411 1436 sanguine
438 1338 594 1411 exitium
618 1339 780 1428 veritus,
805 1362 892 1409 cum
918 1342 958 1410 in
978 1340 1086 1423 eade

77 1479 158 1552 qua
177 1453 451 1552 supradictum
472 1469 546 1545 est,
564 1456 775 1527 Ramazzini
792 1457 988 1555 apoplexia
1009 1483 1086 1531 me·

71 1570 162 1645 dieo
181 1568 311 1643 obstiti
329 1596 408 1643 non
422 1571 599 1670 ignobili,
619 1588 725 1645 sectae
739 1574 1009 1671 empiricorum
1023 1577 1085 1649 ad·

75 1689 204 1777 dicto,
219 1714 267 1761 ne
281 1690 465 1761 vomitum
480 1692 645 1763 excitans
658 1690 887 1780 remedium,
902 1692 1008 1789 quod
1015 1718 1086 1771 nee

75 1806 260 1906 deglutiri
273 1806 475 1904 potuisset,
493 1807 532 1876 in
552 1830 594 1878 os
613 1807 839 1905 conjiceret,
853 1823 935 1879 tum
954 1809 1085 1900 alteri,

76 1924 168 2022 qui,
187 1946 249 1994 me
268 1922 454 2022 digresso,
476 1923 516 1993 in
535 1924 614 1995 Tita
632 1922 824 2014 adhibuit,
846 1925 1083 2001 obstitissem.

73 2044 123 2112 At
153 2040 258 2113 enirn
283 2039 373 2111 huic
403 2067 486 2138 quae
511 2065 637 2139 nuper
660 2043 700 2112 in
726 2066 834 2115 coena
858 2064 1087 2145 sumpserat,

75 2172 211 2246 erant,
226 2157 392 2254 inquies,
412 2183 433 2229 e
446 2158 658 2230 ventriculo
673 2181 742 2256 per
760 2161 945 2231 vomitum
964 2163 1086 2236 detra·

74 2272 225 2362 henda,
258 2300 306 2346 ne
331 2298 421 2346 mox
447 2276 487 2345 in
519 2275 596 2346 vias
620 2277 812 2379 sanguinis
828 2283 1079 2381 transeuntia,

74 2390 194 2488 hujus
217 2405 255 2463 et
273 2394 439 2490 copiam,
466 2405 502 2464 et
520 2393 705 2492 impeturn
726 2412 915 2492 augerent.
937 2405 1078 2499 Optan-

75 2508 170 2580 dum
189 2506 230 2580 id
248 2523 368 2597 certe,
387 2510 417 2581 si
436 2508 519 2581 fieri
537 2511 617 2584 sine
637 2527 775 2583 conatu
794 2518 985 2611 potuisset.
1003 2520 1078 2593 Ali·

51 2638 54 2642 ‘
75 2639 152 2714 ter,
166 2639 274 2695 tanto
294 2627 419 2699 minus
433 2626 675 2717 tentandum,
695 2630 800 2725 quod
815 2631 910 2704 illud
924 2637 1082 2733 quidem

74 2739 249 2814 diturum
267 2744 458 2841 sanguinis
478 2745 774 2834 incrementum,
800 2746 914 2845 hujus
934 2757 1079 2851 praeviis

75 2858 373 2934 detractionibus
399 2861 547 2933 irritum
579 2859 699 2934 facere
735 2856 891 2956 licebat;
916 2893 1078 2966 praesens

75 2992 202 3051 antem
226 2977 483 3067 aconatibus,
502 2992 539 3050 et
563 2979 874 3055 concussionibus
899 2989 1077 3085 augendae
1123 2995 1125 2999 ’

75 3119 252 3168 rasorum
271 3094 534 3193 disruptionis,
550 3108 586 3166 et
606 3098 796 3196 sauguinis
810 3096 1003 3177 effusionis
1019 3131 1081 3204 pe·

74 3214 238 3284 riculum
252 3211 428 3312 impediri
447 3236 689 3310 nequaquam
702 3230 864 3311 poterat.
887 3223 983 3293 Novi
1006 3249 1076 3322 ego
1137 3297 1139 3301 ,

75 3330 198 3402 virum
212 3329 559 3429 generosissimum,
573 3354 644 3402 nec
658 3329 766 3401 illum
780 3357 900 3405 unum
921 3337 994 3434 (3),
1010 3344 1077 3438 qui

77 3469 161 3519 cum
176 3448 360 3546 sanguine
381 3447 527 3546 plenus.
539 3462 653 3536 esset,
671 3449 711 3518 in
737 3450 983 3526 exonerandae
1004 3458 1077 3533 alvi

112 3745 156 3824 (r)
176 3747 345 3804 Commerc.
357 3745 464 3819 Litter.
478 3764 526 3803 an.
547 3748 637 3820 1734,
655 3710 752 3807 idcbd.
764 3767 796 3824 9,
809 3770 840 3807 ιι.
854 3769 881 3808 a.
918 3814 924 3823 ¹
953 3732 959 3739 ¹

113 3844 157 3923 (a)
177 3848 215 3903 N.
231 3847 259 3902 8.
630 3916 633 3920 A
714 3872 718 3875 v

115 3944 157 4023 (3)
177 3945 248 4003 Vid.
266 3945 355 4002 etiam
369 3945 462 4015 infra,
474 3965 505 4001 n.
520 3963 567 4000 aa.
