2862 4668
263 454 341 543 *54
639 462 957 522 rnnrusro.

292 610 338 654 ter
349 598 414 669 qua
425 593 457 648 ln
470 591 562 659 ritis,
579 592 654 646 alter
665 604 730 664 qne
742 591 774 645 in
785 589 911 647 mortuis
922 586 1079 644 observata
1095 597 1180 659 sunt,
1197 602 1303 643 mons-

293 677 367 764 er·
382 705 416 750 ut
431 694 457 749 si
470 692 536 767 quis
549 693 679 748 medicus
693 691 842 767 singulare
854 670 1123 766 aliquodautaliud
1135 699 1304 763 symptoma

294 798 326 853 in
340 814 416 872 agro
429 793 660 862 animadvertat,
675 802 706 847 et
721 792 795 848 scire
810 792 927 867 cupiat,
944 806 1011 870 quae
1029 790 1145 845 interna
1160 789 1242 844 laesio
1259 788 1305 843 illi

294 898 389 954 soleat
400 893 592 969 ‘symptomati
607 890 802 968 respondere,
816 903 868 948 aut
881 892 905 948 sl
920 890 987 968 quis
1001 889 1184 964 anatomicos
1202 890 1307 964 singu-

294 1000 387 1053 larem
410 994 549 1068 aliquam*
559 994 708 1049 laesionem
730 993 761 1048 in
786 994 929 1049 cadavere
950 992 1093 1071 quopiam
1110 986 1263 1059 offendat,
1279 994 1309 1046 et
1336 1008 1339 1010 ’

295 1110 383 1153 nosse
402 1105 486 1150 areat
500 1094 582 1169 qnod
596 1106 761 1170 symptoma
777 1095 808 1149 in
828 1095 893 1171 aliis
905 1083 1055 1150 laesionem
1069 1074 1215 1165 ejusmodi
1227 1106 1308 1165 prae-

297 1196 434 1265 cesserit,
449 1192 580 1251 medicus
594 1195 692 1269 primo
705 1194 742 1251 de
753 1190 799 1249 his
813 1194 929 1250 dnobus
942 1193 1040 1249 indice
1056 1193 1207 1266 inspecto,
1233 1208 1310 1245 ana-

296 1296 423 1353 tomicus
435 1308 533 1351 autem
545 1296 653 1366 altero,
673 1294 911 1352 observationem
929 1310 994 1369 quae
1013 1288 1121 1351 haheat
1159 1290 1270 1360 ambo,
1289 1290 1316 1345 si

297 1399 410 1453 amhoa
421 1396 508 1452 nobis
520 1394 679 1452 observata
689 1394 764 1466 sint,
779 1396 939 1466 continuo,
953 1404 981 1450 et
993 1412 1028 1449 eo
1040 1390 1309 1459 faciliusinveniat,

297 1497 369 1572 quia
381 1496 480 1553 ubido
495 1497 595 1571 aliquo
609 1504 823 1571 symptomata,
837 1507 889 1552 aut
901 1497 937 1552 de
946 1494 1071 1566 alicujus
1083 1492 1176 1568 partis
1187 1490 1310 1546 laesione

231 1666 234 1672 Ι
298 1597 432 1653 indicare
446 1600 534 1672 plura
555 1597 707 1672 oportuit,
720 1597 842 1673 'singula
858 1616 920 1653 non
937 1596 999 1653 sine
1014 1604 1094 1651 certo
1115 1592 1220 1650 ordine
1241 1594 1313 1647 sunt

299 1692 441 1753 indicata.
455 1698 518 1752 Nec
530 1715 602 1752 vero
615 1708 813 1773 symptomata
827 1699 943 1767 solum,
961 1707 989 1752 et
1000 1697 1123 1751 morbos
1131 1694 1246 1768 primus
1260 1692 1310 1746 in·

301 1794 360 1851 dex
372 1794 568 1861 monstrabit,
583 1794 635 1851 sed
653 1807 681 1851 et
695 1794 753 1852 alia
769 1817 834 1871 quae
847 1782 954 1852 addere
971 1795 1097 1872 perutile
1121 1811 1198 1862 esse,
1220 1791 1313 1847 duxi-

301 1906 382 1962 mus,
395 1904 429 1948 ut
442 1892 541 1950 morbi
556 1895 681 1969 praevias
700 1909 835 1951 externas
857 1914 975 1965 causas,
993 1907 1027 1951 ut
1041 1895 1137 1950 victus
1155 1911 1263 1969 genus,
1279 1898 1314 1945 ut

302 1991 424 2071 viduam
436 1995 542 2063 vitam,
556 2006 606 2049 aut
618 1993 799 2070 virgineam,
813 2007 846 2051 ut
859 2006 991 2050 teneram
1004 2002 1136 2060 aetatem,
1151 2003 1202 2047 aut
1214 1991 1315 2047 decre·

286 2074 421 2167 vpitam,
436 2100 471 2145 nt
491 2105 584 2147 artem
600 2095 743 2167 denique,
759 2105 789 2148 et
806 2080 976 2168 opificium,
992 2104 1025 2149 ut
1039 2092 1143 2167 siquis
1159 2088 1312 2148 rursusde

303 2188 477 2277 virginum,
496 2204 547 2246 aut
559 2208 740 2265 puerorum,
756 2202 807 2247 aut
820 2212 939 2263 senum,
955 2198 1007 2248 aut
1023 2188 1230 2247 Ramazzinum
1246 2211 1315 2249 nos-

304 2300 385 2344 trum
407 2286 518 2345 imitari
539 2292 678 2366 cupiam,
704 2290 804 2365 ejusve
823 2292 934 2348 librum
955 2300 1079 2369 angere,
1105 2293 1142 2348 de
1165 2274 1315 2347 artificum

305 2388 418 2443 morbis
440 2386 567 2444 scribere
586 2390 743 2446 instituat:
758 2392 783 2448 is
801 2392 910 2448 habeat
930 2394 1009 2448 unde
1029 2394 1102 2449 sciat
1121 2400 1183 2447 turn
1205 2392 1315 2466 quibus

306 2486 421 2563 priores
434 2486 494 2559 illi,
508 2489 673 2564 iidemque,
688 2500 740 2545 aut
756 2492 807 2546 alii
823 2491 950 2548 artilices
968 2492 1092 2548 obnoxii
1110 2492 1169 2547 sint
1182 2490 1313 2562 morbis,

308 2588 372 2644 lum
389 2606 454 2664 qun
466 2590 498 2644 in
510 2604 613 2645 eorum
627 2589 821 2646 cadaveribus
832 2592 904 2647 vitia
922 2594 1035 2647 soleant
1049 2586 1241 2665 deprehendi.
1257 2584 1315 2647 Ne-

309 2688 369 2763 ipue
384 2690 416 2744 in
429 2691 521 2745 altero
532 2690 629 2746 indice
647 2690 799 2746 omisimus
812 2688 894 2765 quod
905 2691 943 2747 ad
955 2691 1123 2767 sanguinis,
1141 2690 1316 2762 aliorumve,

308 2766 346 2844 nt
358 2800 405 2845 res
419 2790 504 2861 tulit,
519 2791 679 2846 humorum
698 2802 749 2846 aut
764 2790 899 2865 copiam,
920 2800 970 2845 a'ut
985 2790 1227 2865 constitutionem
1246 2793 1317 2847 atti-

310 2890 419 2959 nebat,
446 2892 598 2947 adnotare.
617 2892 699 2961 Quin
721 2891 808 2947 etiam
831 2884 897 2946 cuni
918 2884 1057 2947 Valsalva
1073 2891 1177 2965 sapius
1200 2912 1266 2966 quae
1285 2893 1316 2947 in

309 2985 439 3062 lymphas
452 2991 589 3046 ductibus
606 2988 729 3061 viderit,
742 3003 770 3046 et
783 2994 848 3065 q‘nlc
860 2991 893 3046 in
903 2991 997 3047 eflusa
1009 2991 1197 3047 intracareas
1211 3011 1317 3067 corpo-

311 3088 352 3143 ris
363 3104 440 3161 aqna
449 3088 581 3163 pericula
593 3089 704 3161 fecerit,
718 3090 876 3168 diligenter
885 3092 1087 3167 adscripserit3
1096 3090 1157 3151 haec
1165 3093 1196 3147 in
1209 3103 1317 3167 quarto

313 3189 417 3242 saltem
428 3180 527 3244 indice
540 3206 603 3245 non
613 3192 774 3248 omisimus.

355 3306 400 3361 18.
413 3292 623 3364 Verum'sicuti
635 3322 742 3366 nostrae
756 3329 859 3369 omnes
877 3311 1097 3369 observationes
1114 3329 1216 3387 paucae
1229 3320 1313 3385 sunt,

313 3403 339 3460 si
353 3422 419 3461 cum
433 3407 491 3462 illis
510 3422 582 3482 quas
601 3400 825 3484 Sepulchretum
838 3409 942 3481 habet,
962 3423 1189 3486 comparentur;
1216 3413 1258 3469 ila
1276 3412 1313 3468 ad

314 3518 363 3560 eas
380 3506 553 3580 capiendas,
576 3528 648 3583 quas
667 3511 909 3581 memoravimus,
933 3510 1075 3568 utilitates
1099 3513 1186 3587 longe
1206 3504 1317 3584 majori

314 3606 383 3660 usui
397 3624 458 3662 esse
470 3609 526 3663 illae
537 3619 690 3685 poterunt,
709 3611 733 3666 si
752 3629 787 3666 ex
804 3600 875 3685 ipsis
892 3606 1003 3668 indices
1016 3631 1034 3668 a
1045 3613 1111 3668 viro
1130 3613 1230 3686 aliquo
1246 3612 1315 3667 dili-

315 3704 409 3780 genti,
422 3717 451 3761 et
464 3724 499 3763 ex
511 3706 576 3764 aliis
591 3726 664 3784 quas
680 3710 731 3765 alii
749 3711 886 3786 deinceps
903 3713 1009 3784 edant,
1024 3711 1061 3769 ad
1075 3714 1156 3768 hunc
1170 3710 1231 3768 fere
1251 3722 1317 3767 ino⁴

229 3821 236 3831 ¹
316 3803 388 3859 dum
402 3806 439 3860 ab
454 3809 512 3864 suis
528 3806 697 3865 auctoribus
710 3809 916 3868 conficiantur.
931 3815 992 3893 Nec
1009 3810 1130 3869 difficile
1147 3811 1240 3883 aden,
1254 3812 1313 3867 imo

317 3906 500 3962 commodius
514 3906 587 3962 mihi
608 3909 665 3963 fuit
684 3910 738 3965 hos
752 3928 838 3967 vmeos
859 3931 960 3968 omnes
980 3911 1134 3967 conficere.
1155 3911 1216 3967 Ubi
1237 3911 1314 3966 enim

318 4003 573 4079 observationem,
601 4019 653 4065 aut
679 4006 839 4085 scholium,
866 4023 918 4070 aut
947 3993 1232 4071 animadversionem
1262 4026 1314 4068 suo
