2780 4666
315 414 386 490 350
479 440 526 486 na
552 438 695 487 sumnus
719 438 764 484 rr
787 437 911 484 causis
935 436 1145 486 moruorum

311 554 406 639 nias,
421 550 517 638 vidi,
533 575 615 647 quae
631 550 811 646 quoniam
829 550 869 618 in
895 549 1122 622 Adversariis
1142 552 1216 647 (1),
1242 578 1311 622 nec

313 669 392 738 sine
411 667 625 762 conjectura
646 665 693 736 de
714 688 843 734 earum
859 647 974 736 vcauea
995 658 1190 762 descriptae
1207 658 1312 752 sunt,

312 783 375 854 hic
392 784 527 854 iterum
540 780 800 853 describantur
823 806 902 851 non
917 796 1088 879 oportet,
1104 784 1310 879 praesertim

312 915 511 998 postquam
542 897 642 997 apud
668 898 829 969 amicum
849 922 1004 996 quoque
1027 900 1243 995 optimum,
1260 903 1311 969 vi·

312 1040 474 1112 rumque
493 1016 854 1112 experientissimum
879 1015 1090 1086 Heisterum
1115 1014 1172 1110 (a)
1194 1016 1311 1086 multo

311 1133 440 1230 plures
454 1129 579 1202 videre
597 1144 705 1227 potes
714 1129 928 1201 delineatas.
941 1131 1009 1200 Hic
1024 1155 1145 1201 unum
1158 1130 1308 1201 addam:

313 1273 399 1319 cum
416 1273 460 1318 ex
472 1246 585 1341 hujus
594 1246 699 1344 figuli
708 1246 931 1335 domesticis,
940 1260 1052 1345 atque
1062 1246 1311 1318 intimisfami·

312 1363 466 1435 liaribus
478 1363 724 1460 quaerendum
738 1348 946 1450 curasoem,
962 1362 1150 1461 numquid
1162 1364 1309 1449 seirent,

312 1480 359 1552 de
393 1481 472 1552 ullo
504 1505 672 1576 unquam
701 1480 830 1550 vesicae
860 1479 1103 1551 incommodo
1135 1495 1308 1575 questum

311 1621 411 1685 esse,
428 1597 564 1668 diserte
578 1620 750 1695 negasse,
763 1598 864 1693 sicut⁴
876 1599 985 1667 etiam
1000 1596 1047 1668 de
1064 1595 1202 1667 hernia
1217 1598 1309 1666 vari·

312 1738 398 1786 cosa
415 1742 423 1783 ε
442 1736 556 1810 quam
570 1711 619 1782 ad
636 1711 740 1783 hunc
755 1712 912 1784 modum
930 1737 967 1783 se
983 1711 1189 1784 habentem
1207 1737 1309 1783 cons·

311 1832 407 1927 pexi.
428 1828 655 1927 Multiplices
667 1853 794 1914 venae,
811 1827 988 1915 dilatata),
1004 1842 1041 1900 et
1056 1852 1187 1900 crassae
1196 1827 1310 1913 facta,

311 1961 434 2017 totum
452 1944 621 2042 undique
648 1944 861 2015 testiculum
877 1943 1224 2040 amplectebantur,
1246 1969 1307 2015 ca·

310 2065 372 2159 jus
390 2062 596 2135 substantia
611 2063 660 2131 ita
674 2074 754 2131 erat
774 2075 968 2157 oompaota
983 2110 994 2145 ‚
1010 2060 1105 2129 utin
1122 2061 1307 2133 canalicu-

313 2179 389 2267 los,
405 2177 725 2275 quemadmodum
741 2177 832 2247 alias
840 2175 1007 2273 proclive
1022 2190 1077 2247 est
1085 2173 1226 2263 faeere,
1236 2177 1308 2249 dis·

314 2296 408 2367 solvi
426 2320 503 2365 non
521 2307 656 2392 posset.
672 2298 759 2364 Erat
773 2308 949 2391 praeterea
963 2289 1063 2363 infra
1077 2307 1215 2365 testem
1229 2319 1308 2367 eor·

311 2413 511 2511 puseolum
529 2400 707 2508 exiguum
723 2434 883 2482 osseum.
900 2411 1121 2482 llaecomnia
1130 2412 1308 2509 vrginalis

311 2531 438 2603 tunica
463 2520 830 2629 comprehendebat,
855 2526 1023 2624 undique
1045 2526 1207 2617 adnata,
1238 2531 1308 2600 nisi

312 2649 491 2744 desuper,
508 2646 574 2717 ubi
588 2645 758 2716 vesicula
771 2658 881 2715 eraut
895 2645 977 2716 duae
993 2668 1091 2741 aqua
1106 2642 1206 2716 tlara
1229 2647 1308 2744 ple·

310 2790 377 2836 nm
400 2763 514 2834 Alteri
526 2786 683 2860 quoque
698 2763 871 2834 testioulo
888 2761 1066 2861 vaginulis
1083 2763 1215 2834 tunica
1232 2779 1308 2865 emt

244 2894 246 2901 ‘
311 2883 467 2966 adnata,
495 2881 566 2951 nisi
580 2904 657 2977 qua
670 2878 935 2978 epididymidis
948 2903 1089 2978 corpus
1102 2879 1309 2954 intercede

268 3042 271 3046 -
310 2999 399 3087 bat,
421 2997 472 3068 ibi
488 2999 588 3068 enim
604 3012 684 3067 emt
702 2999 883 3095 manum,
912 2994 1188 3094 ejusdemmodi
1214 3021 1307 3094 aqua

310 3117 476 3214 plenum.
488 3120 592 3187 Tunc
605 3115 756 3188 deflexis
765 3116 812 3186 ad
827 3139 963 3214 penem
982 3115 1118 3199 oeulis,
1134 3118 1307 3212 nequem
1388 3206 1389 3211 Ἰ

312 3234 466 3331 glande,
480 3256 604 3331 neque
621 3235 660 3304 in
675 3235 861 3333 preputio
870 3233 1080 3331 quidquam
1090 3231 1137 3303 de
1150 3230 1307 3304 frenato
1387 3272 1389 3333 3

311 3351 556 3422 animadverti
574 3378 582 3420 z
600 3351 701 3422 laevia
714 3351 768 3423 ibi
784 3351 910 3423 omnia
924 3377 935 3439 3
951 3347 1191 3421 vixalhitlum
1205 3352 1307 3448 quasi

185 3480 189 3487 ‘
310 3469 530 3563 vestigium,
547 3467 613 3537 ubi
627 3466 786 3540 fraenum
806 3482 887 3540 etse
907 3467 1198 3554 domnamant
1220 3469 1305 3538 olim

311 3579 441 3654 fuerat.
459 3587 595 3681 Aperta
609 3584 659 3654 ab
683 3587 790 3658 initio
815 3585 863 3656 atl
885 3583 1002 3659 finem
1020 3582 1199 3672 urethta,
1216 3582 1305 3655 nihil

350 3867 394 3944 (ι)
413 3864 459 3924 111
475 3868 572 3924 anim.
591 3868 639 3924 36.
712 3850 715 3854 ’

312 3978 315 3985 “
348 3965 392 4043 (a)
413 3967 510 4022 Instit.
527 3967 661 4042 Chirurg.
673 3967 748 4023 Tab.
764 3969 818 4038 32,
835 3966 886 4043 fig.
902 3987 916 4023 1
930 3979 1000 4024 eta.
