2782 4668
284 463 387 558 374Σ
448 485 494 533 nn
520 480 665 530 srnrnns
690 481 734 529 nr
758 480 882 529 causis
906 480 1115 531 noanonnu

283 622 381 671 nam.
405 601 590 669 Caeterum
610 593 705 667 nihil
722 594 840 692 magis
854 592 1103 695 ¹adnotatione
1127 592 1277 690 dignum

283 714 472 802 occurrit,
490 736 605 810 quam
625 708 772 783 cerebri
787 710 953 782 durities.
979 710 1061 781 Sive
1084 712 1188 783 enim
1212 736 1280 782 me·

282 832 464 904 dullarem
483 829 595 925 hujus
614 827 884 915 substantiam,
904 827 979 900 sive
1000 827 1218 900 corticalem
1234 830 1282 898 in·

282 948 443 1039 rideres,
462 962 542 1019 non
561 944 710 1017 modice
727 944 841 1017 duras
859 943 1112 1042 percipiebas,
1130 946 1281 1041 quando

282 1065 458 1137 cerebelli
482 1064 690 1138 substantia
717 1063 847 1137 saltem
871 1061 1057 1134 corticalis
1082 1059 1143 1131 vel
1170 1064 1281 1159 magis

282 1207 396 1281 quam
416 1183 531 1271 solet,
548 1180 672 1252 mollis
690 1194 779 1252 erat.

333 1300 364 1372 5.
387 1305 433 1370 In
450 1296 680 1370 continendis
703 1294 968 1367 audacioribus
992 1292 1133 1366 insanis
1145 1292 1283 1391 plagas

281 1440 431 1514 quoqne
440 1414 622 1502 adhiberi,
639 1414 769 1491 Celsus
783 1411 1064 1511 (1ladmonuit;
1077 1432 1158 1480 non
1171 1412 1282 1483 modo

281 1559 343 1603 eos
359 1539 426 1631 qui
439 1530 638 1604 violentius
653 1557 692 1603 se
701 1546 856 1624 gerunt,
880 1534 1031 1616 vinciri,
1051 1554 1099 1599 ne
1123 1529 1184 1600 vel
1195 1531 1278 1616 sibi,
1377 1606 1378 1637 ,

280 1651 346 1722 nel
360 1649 472 1721 alteri
486 1663 648 1719 noceant
663 1673 673 1716 .·
693 1646 759 1719 sed
772 1645 852 1721 haec
865 1649 993 1719 omnia
1005 1647 1104 1718 intra
1113 1648 1280 1734 modum,
1377 1708 1378 1717 ,

280 1783 393 1865 atque
416 1766 533 1838 instar
552 1765 718 1864 parentis
737 1764 805 1860 qni
831 1778 1003 1835 coerceat
1024 1763 1186 1854 liberos,
1209 1791 1282 1837 non

278 1883 421 1955 lictoris
436 1882 503 1979 qui
519 1880 768 1953 indamnatos
786 1879 968 1953 desaeviat.
985 1881 1199 1954 Valsalvam
1216 1909 1283 1955 me

279 2002 390 2088 mini,
407 2022 494 2069 cum
512 1998 770 2099 phreneticos,
805 2012 868 2069 aut
900 1996 1090 2070 maniacos
1114 2017 1282 2089 curaret,

277 2142 444 2214 quorum
458 2114 622 2188 brachiis
636 2114 786 2189 vincula
796 2115 950 2211 injicere
965 2118 1207 2207 conveniret,
1218 2118 1282 2191 sol·

183 2284 186 2287 ,
279 2235 377 2307 licite
407 2233 597 2305 inculcare
632 2230 847 2304 domesticis
875 2246 912 2304 et
939 2230 1165 2305 custodibus
1198 2234 1281 2307 soli-

279 2367 381 2434 tum,
401 2351 573 2422 viderent
595 2374 643 2421 ne
661 2349 754 2446 quid
770 2347 825 2418 illi
839 2348 929 2419 hinc
944 2346 1162 2421 detrimenti
1179 2375 1282 2451 cape·

279 2481 386 2537 rent:
405 2461 513 2535 firma
535 2463 689 2562 quidem
709 2465 860 2537 vincula
889 2489 967 2539 esse
991 2481 1192 2564 oportere,
1225 2467 1282 2540 sed

277 2607 401 2679 neque
419 2582 598 2669 arctiora,
618 2607 742 2679 neque
759 2580 871 2671 dura3
886 2597 930 2654 ut
942 2583 1032 2655 loris
1045 2582 1181 2655 subsui
1194 2584 1283 2657 mol·
1376 2680 1377 2685 ἵ

278 2699 413 2771 liorem
429 2723 599 2796 pannum
616 2713 680 2769 aut
698 2699 857 2771 linteum
880 2701 992 2772 vellet
1009 2701 1072 2799 (a)
1094 2702 1283 2789 Quoniam

279 2819 468 2888 maniacos
484 2843 504 2886 a
523 2816 693 2889 Valsalra
709 2834 860 2892 curatos
879 2820 993 2892 semel
1011 2835 1125 2920 atque
1148 2824 1283 2895 iterum
1376 2914 1377 2927 ἵ

278 2936 657 3031 memoravi3quaeres
671 2933 846 3026 fortasse,
862 2938 997 3034 ecquid
1008 2940 1047 3010 in
1066 2963 1205 3012 eorum
1223 2967 1283 3013 cu·
1376 2964 1377 2969 ’

278 3053 423 3124 ratione
439 3052 627 3150 peculiare
640 3052 822 3128 haberet?
837 3055 904 3126 Ille
916 3081 1006 3129 vero
1016 3082 1099 3155 quae
1113 3058 1283 3156 plerique

280 3168 402 3239 solent
419 3171 554 3241 auxilia
564 3171 603 3241 in
617 3194 728 3243 usum
739 3171 911 3245 trahebat
920 3201 929 3261 ;
939 3174 1024 3264 sed,
1040 3189 1082 3247 ut
1096 3178 1282 3272 optimum

277 3285 465 3357 medicum
485 3287 612 3376 decet,
627 3289 667 3358 in
685 3288 766 3362 aliis
782 3290 885 3380 alia3,
895 3291 936 3362 in
955 3291 1134 3365 omnibus
1160 3309 1282 3366 auten

278 3418 423 3499 quanto
442 3404 620 3499 pauciora
639 3422 804 3504 poterat,
825 3423 861 3480 et
879 3406 1054 3481 faciliora.
1084 3411 1159 3480 Sic.
1174 3432 1282 3507 quos·

278 3518 364 3589 dam
384 3519 565 3615 memoria
582 3533 694 3593 teneo
714 3547 762 3592 ne
782 3526 963 3623 sanguine
980 3526 1136 3622 quidem
1153 3529 1282 3607 misso,

275 3660 343 3732 per
358 3635 456 3708 solas
474 3623 520 3707 ex
536 3635 732 3713 melonum
745 3641 951 3721 seminibus
964 3641 1198 3717 emulsiones
1211 3667 1281 3717 res·

311 3916 354 3995 (1)
376 3919 420 3974 De
432 3918 541 3973 Medic.
554 3921 573 3974 1.
589 3921 622 3990 3,
641 3941 667 3978 c,
685 3923 732 3980 18.

310 4015 355 4093 (a)
376 4016 444 4073 Vid.
457 4017 551 4091 Epist.
567 4018 620 4090 61,
636 4040 665 4074 n.
690 4023 734 4078 13.
