2780 4666
209 472 278 518 ma.
307 470 332 517 1.
361 468 408 516 nr
435 467 753 533 annunciamus,
779 469 890 516 amsr.
917 468 951 516 v,
1011 445 1082 543 269

72 587 216 656 tionem
231 583 278 656 de
289 581 564 680 ejusdemmodi
581 588 727 680 genere.
743 585 837 654 Nam
845 607 905 655 res
917 581 964 654 ad
977 582 1082 656 huuc

76 701 235 777 modum
253 727 291 774 se
310 701 451 773 babuit.
711 784 715 791 „
755 692 758 697 ’

121 824 155 905 4.
185 819 334 890 Mulieri
349 836 470 889 anuos
484 816 643 914 amplius
665 815 913 914 quadraginta
930 830 1024 888 natae
1036 840 1081 889 ex
1194 856 1197 871 ν

71 935 181 1007 valde
201 936 410 1006 imminutis
434 935 634 1005 menstruis
654 934 942 1032 purgationibus
966 932 1081 1005 obor-

74 1068 134 1125 tus
152 1069 210 1125 est
228 1055 268 1122 in
285 1053 437 1124 sinistro
461 1075 570 1123 crure
595 1068 797 1124 cancrosus
826 1065 977 1122 tumor:
1004 1075 1081 1148 quo

75 1169 322 1269 postmodum
341 1168 572 1260 exulcerato,
590 1167 746 1264 aliisque
764 1167 803 1237 in
818 1165 951 1238 eodem
973 1191 1082 1242 crure

77 1285 272 1357 ulceribus
281 1285 420 1356 coortis
430 1339 440 1373 ,
451 1309 530 1356 uon
543 1283 633 1355 levis
643 1283 769 1371 dolor,
788 1298 825 1354 et
841 1280 954 1354 febris
961 1308 1083 1381 prope

76 1403 225 1476 assidua
242 1403 405 1474 accessit.
425 1407 584 1499 Jamque
602 1424 762 1489 aunum,
782 1425 903 1498 eoque
922 1401 1084 1498 amplius

77 1518 156 1591 haec
181 1519 406 1617 pertulerat,
427 1542 512 1590 cum
537 1518 802 1589 diuturnarum
826 1517 1084 1590 molestiarum

78 1654 255 1736 pertaesa,
274 1661 297 1708 a
312 1636 483 1710 Valsalva
496 1636 623 1735 petiit,
641 1650 683 1706 ut
698 1659 800 1721 crus,
813 1635 890 1730 jam
908 1634 1010 1705 nulla
1025 1659 1085 1704 ra·
1192 1686 1195 1695 .

80 1757 184 1827 tione
200 1753 381 1843 sanabile,
396 1766 617 1852 amputaret.
634 1754 717 1853 Quo
728 1766 938 1840 annuente,
957 1766 1085 1823 etreru

82 1870 241 1944 feliciter
257 1885 479 1969 peragente,
505 1893 592 1941 cum
609 1867 655 1940 ad
675 1868 829 1939 tertium
847 1867 894 1939 ab
916 1885 1087 1966 amputa÷

82 1990 187 2060 tione
205 1988 304 2059 diem
315 2002 469 2058 rentum
479 2002 593 2075 esset,
607 1985 745 2058 lividus
755 1986 795 2057 iu
806 1985 972 2057 mutilata
980 2001 1087 2084 parte

81 2106 258 2204 apparuit
274 2104 399 2193 color,
416 2104 483 2203 qui
500 2127 585 2175 curu
599 2101 757 2175 biduum
774 2103 1014 2199 perstitisset,
1027 2101 1087 2174 ad·

84 2221 209 2293 bibito
226 2222 428 2321 emplastro
446 2242 490 2292 ex
507 2219 806 2310 emollientibus,
824 2234 860 2290 et
873 2219 1088 2293 volatilibus
1151 2218 1154 2223 ’

82 2353 237 2438 parato,
255 2338 403 2413 vividus
421 2340 528 2410 color
548 2354 602 2412 est
629 2339 831 2410 restitutus.
860 2337 1016 2409 Interim
1035 2334 1088 2409 fe·

83 2456 163 2527 bris
181 2457 222 2527 in
241 2454 320 2528 dies
334 2454 377 2528 fit
396 2456 563 2554 gravior,
582 2458 623 2527 in
636 2470 860 2552 acutamque
874 2454 1086 2552 degenerat.

81 2573 227 2644 Parotis
244 2597 266 2643 a
282 2572 422 2645 dextris
443 2595 482 2645 se
498 2572 653 2661 attollit,
670 2572 839 2669 adeoque
856 2572 1088 2660 intumescit,

83 2688 125 2762 ut
143 2688 193 2761 ad
211 2688 324 2761 horas
333 2690 419 2789 plus
432 2689 567 2786 viginti
575 2702 738 2786 quatuor
747 2712 796 2759 ue
805 2687 993 2786 liquidum
1012 2689 1091 2786 qui·

82 2807 172 2880 dem
187 2807 408 2879 alimentum
422 2805 605 2905 deglutire
618 2807 724 2907 sinat.
737 2804 809 2878 Sed
821 2806 933 2904 largis
946 2806 1089 2877 obortis

71 2923 311 3014 sudoribus,
330 2925 533 2997 remittitur
552 2921 685 3012 febris,
711 2925 855 3022 paretis
873 2923 1091 3012 discutitur,

83 3059 120 3116 et
133 3040 296 3115 feliciter
313 3040 626 3142 omniavidentur
636 3040 853 3139 procedere.
865 3041 967 3130 Quin
980 3043 1091 3113 etiam

84 3185 172 3232 cum
192 3160 291 3231 circa
309 3159 544 3256 trigesimum
562 3158 680 3248 diem,
699 3156 749 3229 ob
766 3167 931 3230 erratum
946 3159 986 3227 iu
1003 3148 1099 3230 cibox

86 3276 315 3364 admissum,
326 3290 435 3347 acuta
444 3272 559 3346 febris
575 3273 757 3362 rediisset,
768 3274 982 3371 multosque
994 3298 1093 3375 pers·

83 3395 221 3471 titisset
239 3392 338 3480 dies,
358 3416 427 3489 per
443 3391 601 3464 sudores
619 3392 755 3464 iterum
766 3391 912 3464 sublata
927 3408 992 3467 est.
1009 3399 1092 3479 Haec

82 3535 168 3609 quae
189 3505 410 3594 dictasunt,
429 3509 584 3580 minime
601 3507 848 3597 obstiterunt,
868 3511 960 3608 quin
978 3511 1095 3609 magis

83 3627 283 3724 magisque
300 3642 536 3697 accrescente
555 3626 746 3716 cicatrice,
778 3628 921 3699 curatio
941 3628 1019 3722 janu
1048 3625 1096 3698 ad

84 3742 205 3815 finem
223 3755 418 3839 spectaret.
436 3746 577 3821 Verum
594 3745 707 3816 tertio
729 3745 878 3816 circiter
899 3742 946 3814 ab
961 3744 1095 3841 ampu-

84 3861 232 3934 tatione
248 3881 401 3948 mense‚
421 3884 508 3930 cum
528 3861 696 3933 muliere
714 3860 811 3933 lecto
829 3875 1004 3957 exempta
1018 3861 1097 3955 jam

88 3992 209 4067 esset,
228 3968 428 4048 affectione
447 3979 652 4076 corripitur
671 3978 718 4049 de
737 4000 873 4076 genere
894 3975 1102 4075 apoplecti-
1168 4025 1177 4077 J
