2774 4670
172 382 237 431 tm.
267 387 292 430 1.
319 384 365 431 nn
392 384 527 461 nonius
551 383 710 447 cirins,
736 385 849 435 nerse.
877 388 925 433 rx.
978 366 1047 462 [¹57

66 497 205 592 quidem
219 497 375 569 medicis
391 498 438 568 sit
455 496 746 569 decurrendum.
760 500 837 571 Nee
847 496 952 599 facile
961 502 1052 598 ipse,

65 630 187 711 praeter
202 615 328 691 oleum
350 614 513 701 succini,
535 613 744 715 quidquam
765 616 1051 714 epilepticorum

67 731 209 806 naribus
235 731 481 828 subjiciebat:
502 731 653 829 spiritus
679 746 805 807 autem
833 736 899 830 qui
927 736 1054 833 appel-

66 848 201 938 lantur,
226 850 272 920 ad
297 848 397 921 illius
423 849 569 946 generis
589 849 699 945 cujus
724 847 841 923 modo
859 850 1053 942 diceban,
1095 948 1097 951 v

66 967 285 1065 apoplexian,
299 966 465 1063 aliasque
480 965 710 1062 ejuscemodi
731 963 948 1041 affectiones
970 971 1055 1064 reji-

65 1083 198 1173 ciebat,
215 1084 266 1156 ob
296 1085 386 1159 inde
414 1083 690 1159 animadversas
716 1107 837 1161 noxas
859 1086 898 1155 in
926 1086 1055 1163 calidis

65 1225 139 1298 quae
162 1206 317 1275 Veteres
342 1200 538 1288 dicebant,
557 1201 802 1299 corporibus,
826 1218 862 1277 et
883 1228 927 1284 ex
944 1227 1055 1281 cause

65 1317 174 1389 calida
203 1318 488 1406 laborantibus,
518 1318 791 1415 hysteriearum
823 1322 1055 1418 praesertim,

64 1434 192 1530 quibus
209 1436 387 1533 epilepsia
398 1433 1056 1533 prehensisejuismodiodornmenta,

65 1551 187 1622 sinon
213 1551 336 1639 aliud,
361 1552 490 1648 capitis
513 1550 787 1649 plenitudinem
816 1553 1055 1653 relinquere,

65 1683 231 1765 expertus
246 1683 334 1740 erat.
355 1669 453 1766 AEgri
469 1682 596 1743 autem
611 1684 747 1766 eaput,
763 1671 965 1768 ingruente
980 1670 1057 1747 hoc

64 1785 216 1874 morbo,
244 1784 444 1859 sublimius
462 1786 592 1882 quoad
612 1787 692 1882 ejus
719 1787 801 1861 fieri
828 1804 977 1886 posset,
998 1788 1056 1863 lo-

63 1905 152 1992 cari,
169 1929 213 1975 ac
231 1905 368 1976 servari
387 1904 572 1991 malebat3
594 1904 646 1979 sie
664 1906 765 1977 enirn
785 1907 825 1977 in
844 1904 913 1979 illo
930 1908 1056 1991 minut

62 2024 219 2095 enervari
236 2021 440 2109 humores,
458 2035 495 2092 et
510 2022 681 2118 spiritum
693 2018 847 2097 «lucilius
870 2024 979 2111 duoi,
997 2048 1058 2096 re-

63 2139 222 2233 ponebat
239 2140 285 2211 iis
298 2139 369 2236 qui
387 2137 483 2209 forte
499 2137 728 2233 objicerent,
751 2140 801 2211 ita
815 2164 860 2213 ex
876 2165 943 2213 ore
960 2138 1057 2212 diffi-

62 2255 159 2329 cilius
194 2282 367 2355 spumam
396 2256 588 2343 excidere3
619 2258 761 2354 quippe
794 2283 902 2355 quae,
932 2260 1057 2344 minus

61 2389 206 2468 gravato
225 2375 370 2471 capite,
389 2388 427 2443 et
445 2373 645 2466 pulmone,
664 2373 813 2465 peruius
824 2377 1057 2471 proveniret,

59 2514 122 2563 nec
139 2490 308 2587 semper,
327 2505 368 2560 ut
384 2487 567 2571 Peehlino
587 2484 642 2580 (1)
659 2486 869 2584 refragante
883 2488 1055 2586 plerique

58 2623 212 2703 putant,
237 2605 524 2704 epulmonibus
549 2604 743 2691 existeret,
764 2603 829 2676 sed
854 2628 899 2674 ex
922 2608 1057 2703 agitem

59 2726 179 2820 potius
198 2726 239 2799 in
256 2748 322 2795 ore
343 2723 455 2799 saliva
480 2719 616 2808 fieret,
644 2744 732 2801 nain
760 2719 875 2816 hujus
901 2725 1060 2825 mininie

58 2863 240 2939 spumosae
255 2841 440 2940 quosdam
461 2839 568 2936 quasi
585 2838 727 2910 rivulos
743 2839 1057 2917 animadverteret

60 2985 101 3032 ex
118 2987 183 3032 ore
200 2958 490 3058 epilepticorum
506 2978 785 3051 nonnunquam
798 2954 961 3031 defluere
974 3008 983 3043 ,
996 2981 1057 3035 na·

58 3078 130 3175 pite
146 3080 186 3152 in
204 3077 364 3149 alterum
381 3076 477 3148 latus
487 3074 584 3146 forte
593 3074 784 3147 inclinato.
794 3072 868 3151 sed
878 3075 1057 3151 nimiunn

60 3193 146 3268 dum
161 3219 249 3267 meo
264 3219 355 3294 erga
372 3208 641 3292 praeoeptorem
655 3193 922 3288 grntoaniruo,
934 3207 1058 3282 entus,
1080 3273 1083 3278 ,

60 3313 150 3383 mihi
164 3327 383 3412 perspecto,
402 3311 588 3387 desiderio
609 3308 820 3405 obsequor,
836 3310 918 3405 ejus
934 3311 973 3381 in
987 3327 1061 3387 me·

60 3427 186 3501 dendo
200 3428 510 3513 eonsuetudines,
527 3428 767 3521 rationesque
785 3426 1060 3524 persequendo,

60 3546 213 3648 longius
227 3535 455 3647 aproposito
469 3545 655 3619 abductus
673 3568 767 3616 suin
807 3650 808 3657 ἵ

99 3904 143 3983 (1)
165 3909 212 3963 De
228 3908 318 3979 aeris,
333 3917 362 3963 et
371 3904 450 3962 alim.
467 3903 526 3961 def.
544 3922 614 3987 ⁰27·
