2784 4668
295 434 363 518 ¹4⁰
452 453 499 501 ne
526 449 672 498 surmus
697 448 743 496 nr
765 446 891 498 causis
916 406 1126 497 nonnonmi
1207 513 1209 518 Ι

291 563 366 637 hoc
385 563 520 661 igitur,
542 577 582 635 ut
597 563 810 649 incertum,
827 586 1083 662 seponamus,
1109 576 1147 637 et
1165 561 1196 633 si
1216 584 1305 658 quae
1364 654 1367 657 Δ

293 680 367 751 alio
379 681 560 769 attinent,
577 695 614 752 et
631 682 836 778 praesertim
849 680 896 752 ad
913 680 1054 753 colicos
1071 679 1248 766 dolores,
1265 679 1307 747 in

292 797 550 899 suumlocum
569 797 624 895 (1)
642 794 858 871 differamus
875 824 886 887 ;
910 797 988 870 duo
1008 812 1150 870 restant
1167 798 1208 867 in
1227 795 1303 866 hac

184 934 187 940 ·
293 913 473 1003 historia,
493 940 575 1013 quae
601 916 789 1014 praecipue
812 913 1104 987 consideremus.
1133 913 1308 985 Alterum

295 1031 343 1103 ad
358 1031 494 1131 dogma
507 1047 681 1130 spectata
694 1032 864 1105 Valsalva
878 1031 1142 1105 confirmatum
1153 1059 1164 1121 ;
1176 1033 1218 1102 in
1229 1030 1304 1101 hac

295 1150 395 1221 enim
407 1174 562 1247 quoque
576 1150 734 1222 muliere
746 1175 833 1222 cum
848 1150 1029 1223 resolutio
1041 1147 1305 1220 animadversa

296 1281 431 1338 esseta
454 1267 636 1355 sinistris,
658 1267 804 1340 cerebri
823 1269 956 1339 vitium
981 1268 1177 1338 inventum
1203 1280 1262 1337 est
1287 1290 1308 1334 a

296 1383 445 1456 dextris.
468 1384 659 1472 Alterum,
683 1385 730 1457 ad
753 1387 885 1457 vitium
908 1384 983 1458 hoc
1004 1386 1128 1483 ipsum
1144 1384 1306 1471 attinet,

297 1501 401 1599 quod
422 1526 496 1617 qua
525 1527 657 1592 causa,
681 1517 717 1574 et
743 1504 887 1575 ratione
915 1497 1003 1590 fiat,
1029 1499 1303 1600 inquirendum

297 1635 362 1691 est.
380 1623 425 1690 Et
438 1619 486 1692 ab
503 1619 578 1692 hoc
591 1619 746 1718 quidem
759 1621 1006 1719 incipiemus:
1024 1618 1070 1690 de
1082 1614 1149 1707 Mo
1163 1633 1304 1705 autern,

297 1759 383 1807 cum
417 1736 591 1836 pluribus
627 1741 667 1811 in
692 1737 763 1811 hac
790 1738 947 1836 epistola
976 1735 1305 1810 observationibus

298 1852 765 1944 confirmaverimusltunc
775 1853 1098 1954 quaedamjuvabit
1107 1854 1303 1951 attingere.

298 1974 416 2043 Vetus
436 1972 591 2069 utique,
611 1976 732 2071 siqua
750 1972 821 2045 alia
835 2027 845 2062 ,
860 1973 1034 2063 doctrina
1051 1985 1125 2058 est,
1145 1996 1167 2043 a
1183 1966 1304 2044 Varo·

297 2087 350 2157 lio
366 2087 426 2184 (2)
448 2088 729 2179 animadversa,
748 2116 770 2162 a
794 2091 980 2162 Martiano
1003 2104 1135 2161 autem
1152 2089 1221 2186 qui
1250 2086 1304 2185 (3)

298 2227 422 2274 acrem
442 2220 480 2275 et
499 2205 691 2278 rodentem
707 2212 903 2277 auctoratam
913 2230 983 2303 pro
1001 2206 1206 2304 apoplexiae
1224 2216 1306 2276 cati·

299 2344 338 2391 sa
350 2320 596 2417 agnoscebat,
617 2346 686 2394 suo
703 2320 819 2392 modo
838 2323 1044 2420 explicata,
1065 2346 1147 2421 quae
1166 2320 1304 2394 diserte

299 2438 494 2535 proposita
508 2453 562 2509 est
575 2437 623 2509 ab
633 2439 863 2536 Hippocrate
876 2453 959 2528 ,aut
968 2452 1070 2511 certe
1088 2437 1136 2509 ab
1150 2453 1304 2510 auctore

300 2554 387 2626 libri
407 2555 453 2627 de
472 2554 667 2627 Glaudulis
686 2553 755 2652 (4)
774 2554 935 2628 docente
954 2610 964 2645 ,
984 2555 1167 2653 siquidem
1190 2555 1305 2626 roda·

298 2686 361 2743 tur
379 2672 577 2747 cerebrum
585 2726 632 2763 ,...
647 2675 886 2765 affiictionem
897 2670 1069 2770 fieriquae
1078 2692 1202 2773 graece
1216 2695 1305 2770 apo·

292 2787 431 2889 plenia
459 2788 685 2889 appellatur.
707 2792 911 2888 Nunquam
930 2792 1199 2893 autem'magis
1213 2815 1303 2861 ero-
1382 2790 1383 2869 l

300 2930 381 2977 sum
400 2906 599 2981 cerebrum
621 2906 794 2995 videtur,
814 2931 928 3007 quam
950 2931 1039 2980 cum
1056 2908 1096 2977 in
1121 2906 1203 3003 ejus
1221 2905 1304 2979 sub·

301 3025 460 3113 stantia,
486 3040 551 3096 aut
574 3025 673 3096 iutra
695 3023 793 3097 hanc
816 3048 952 3124 magna
968 3038 1102 3123 praeter
1130 3039 1302 3097 naturam
1382 3048 1383 3075 t

301 3164 390 3211 cava
402 3141 670 3230 inveniuntur,
683 3141 897 3238 cujusmodi
910 3143 950 3212 in
967 3140 1039 3213 hac
1052 3139 1211 3217 muliere
1225 3141 1302 3212 des·
1382 3158 1383 3229 ξ

301 3257 458 3355 scripsi,
474 3252 805 3357 plenasanguine,
823 3273 862 3331 et
881 3256 978 3329 foede
998 3256 1093 3329 adeo
1113 3257 1302 3345 laceratis,
1382 3242 1383 3321 l

301 3374 543 3472 cruentisque
560 3375 786 3474 parietibus,
807 3391 850 3446 ut
862 3374 959 3447 nihil
979 3376 1103 3473 magis.
1116 3371 1301 3462 referant,

404 3693 497 3769 Epist.
512 3695 565 3766 33,
579 3715 610 3751 n.
625 3695 654 3752 3.

405 3793 449 3848 De
462 3793 561 3850 nervis
573 3792 675 3867 Optic.
689 3791 784 3866 Epist.
802 3810 829 3849 a.

401 3894 513 3947 Annot.
531 3892 564 3947 in
576 3891 720 3967 Hippocr.
738 3891 776 3949 de
787 3892 895 3952 Glaud.
910 3910 988 3948 vers.
1003 3891 1068 3949 103.

354 3990 386 4069 l)
405 3994 443 4049 N.
459 4011 497 4068 9,
510 3992 541 4048 in
553 3991 624 4048 edit.
639 3988 788 4049 Maricell.
