2862 4668
310 428 360 503 68
474 450 522 499 nr
547 442 693 499 srnrrns
717 446 762 495 ar
786 443 909 497 cius1s
934 444 1143 500 nonrornrr

310 576 521 652 remorato,
536 558 625 634 fecit
637 574 682 633 ut
701 583 829 633 serum
848 558 1120 650 effunderetur,
1141 562 1218 637 sive
1236 559 1313 634 hoc

310 697 422 757 autea
435 676 616 767 effusum,
629 678 825 776 meninges
836 679 1019 751 irritando
1036 705 1120 778 quae
1134 678 1182 751 ad
1197 680 1314 750 imam

309 795 495 885 frontem,
512 811 549 868 et
563 795 662 868 circa
678 817 815 866 nervos
828 796 976 893 opticus
988 809 1096 886 sunt,
1115 794 1216 869 leves
1233 796 1313 894 pri-

307 938 415 988 mum
428 910 711 1000 convulsiones,
724 908 951 1010 doloresque
962 913 1119 1003 creavit3
1133 912 1314 986 utralibet

309 1034 456 1106 ratione
473 1027 673 1103 commode
690 1051 891 1126 possumus
910 1052 991 1101 rem
1007 1028 1228 1128 intelligere.
1241 1031 1312 1100 Ne-

309 1173 387 1249 que
405 1147 507 1223 enim
519 1144 625 1245 quod
642 1144 845 1243 limpidum
857 1142 972 1219 fuerit
991 1169 1138 1236 serum,
1163 1145 1309 1218 idcirco

306 1264 504 1351 innoxium
522 1285 740 1337 censeamus
756 1284 908 1334 necesse
928 1278 1009 1336 est:
1028 1262 1182 1362 quando
1202 1287 1310 1335 cons·

307 1395 384 1472 tat,
403 1381 518 1471 sales,
537 1381 603 1479 qui
619 1379 779 1451 maxime
800 1381 946 1477 possint
961 1378 1137 1470 erodere,
1153 1382 1194 1452 in
1211 1404 1312 1479 aqua

305 1499 468 1591 solutos,
486 1496 601 1596 hujus
624 1495 871 1597 pelluciditati
885 1496 981 1568 nihil
1003 1495 1164 1571 officere.
1182 1499 1310 1589 Quan-

306 1641 445 1716 quam,
468 1640 540 1691 nec
561 1640 675 1688 omne
694 1614 735 1687 id
758 1638 884 1688 serum
909 1614 1111 1714 limpidum
1131 1612 1222 1705 fuit,
1242 1612 1310 1687 sed
1400 1638 1403 1642 “

303 1734 346 1805 in
371 1749 477 1836 parte
500 1733 700 1806 seniosum.
736 1733 864 1807 Sanies
879 1747 1026 1824 autem,
1049 1734 1114 1806 illa
1137 1756 1203 1806 seu
1221 1756 1313 1805 vera

305 1847 400 1938 luit,
419 1876 485 1925 seu
504 1851 630 1949 potius
654 1850 770 1921 saniei
791 1853 959 1948 species,
978 1850 1081 1923 unde
1104 1850 1310 1949 repetenda

306 1965 375 2054 sit,
399 1966 440 2036 in
466 1967 548 2038 aliis
577 1963 681 2035 haud
707 1964 940 2041 absimilibus
960 1966 1128 2038 historiis
1161 1988 1314 2062 qutere·'

305 2105 393 2155 mus
409 2081 475 2181 (1).
491 2082 602 2151 Nunc
618 2080 773 2151 alteram
791 2102 837 2150 ex
846 2081 1044 2179 Versetur
1057 2082 1198 2180 accipe.

308 2196 319 2217 ‘
369 2204 403 2287 4.
426 2202 511 2272 Vra
543 2219 664 2268 annos
688 2194 833 2267 habens
861 2195 1010 2267 circiter
1039 2196 1310 2297 quadraginta,

228 2308 231 2313 ¹
307 2315 494 2390 obnoxius
506 2311 852 2408 eratab‘aunisjam
864 2312 993 2385 multis
1006 2313 1130 2386 dolori
1141 2318 1181 2388 in
1191 2315 1310 2416 hypo·

307 2434 467 2523 condrio
485 2431 640 2507 dextero
660 2455 730 2529 per
750 2430 929 2503 circuitus
947 2435 1179 2525 recurrenti,
1193 2450 1230 2507 et
1245 2461 1310 2508 vo·

304 2554 456 2627 mitioni
472 2550 578 2622 illuni
598 2548 733 2646 saepius
755 2546 927 2620 dolorem
947 2551 1162 2641 comitanti,
1186 2568 1223 2624 et
1241 2552 1309 2623 ali-

307 2669 461 2770 quando
477 2669 517 2739 in
532 2667 680 2740 iliacam
700 2665 914 2763 passionem
927 2690 1020 2739 cum
1040 2666 1181 2741 deliriis
1199 2669 1309 2769 dege·

305 2784 614 2865 nerantizcrebris
622 2784 712 2854 item
721 2782 915 2855 doloribus
925 2786 1309 2884 capitis,quiatrocius

304 2907 532 3008 plerumque
549 2898 734 2973 vexabant
753 2901 947 2998 conjuncti
968 2926 1054 2974 cum
1080 2904 1240 2976 molesto
1259 2904 1309 2981 ad

306 3025 438 3098 oculos
465 3017 605 3091 affluxu
633 3019 797 3089 materiae
819 3041 963 3090 serosae.
990 3020 1085 3092 Huic
1109 3021 1262 3094 tandem
1286 3047 1310 3094 a
1415 3068 1416 3073 =

305 3142 427 3216 multo
453 3138 543 3207 vino
571 3134 678 3206 ebrio
706 3159 793 3206 cum
817 3136 1016 3234 paulopost
1042 3154 1246 3211 consuetus
1266 3141 1308 3212 in

306 3251 603 3355 hypochondrio
617 3250 730 3322 dolor
747 3267 784 3324 et
795 3254 959 3325 vomitus
975 3253 1191 3345 rediissent,
1209 3272 1311 3328 uter·

307 3398 382 3475 que
398 3385 523 3444 autem
540 3370 722 3469 imperate
731 3368 896 3466 quadam
910 3370 956 3441 ab
974 3373 1155 3470 empirico
1165 3375 1309 3448 ventris

305 3489 527 3565 inunctione
546 3485 695 3561 sedatus
712 3502 826 3576 esset,
844 3488 978 3585 ingens
998 3488 1100 3559 illico
1124 3488 1229 3561 intus
1243 3516 1319 3562 ex·

306 3625 442 3708 traque
458 3605 560 3679 calor
577 3605 707 3704 capitis
715 3604 908 3677 oboritur:
921 3604 1024 3704 quod
1035 3607 1166 3679 eadem
1175 3608 1311 3684 inunc-

347 3969 394 4054 (1)
412 3969 495 4032 Infra
505 3985 589 4028 num·
603 3964 637 4062 ri
652 3975 682 4022 et
695 3964 790 4042 Epist.
803 3961 839 4038 5,
853 3981 883 4024 n.
901 3962 963 4025 iet
976 3964 1022 4024 13.
