2774 4666
207 424 275 472 nr.
303 426 328 473 1.
357 422 882 491 nruoaarscarrrrs,ur1sr.
911 422 966 468 ru.
1007 397 1091 494 x189

88 537 189 632 cujus
209 562 296 636 pars
313 537 439 636 aliqua
461 537 573 608 etiam
593 562 614 606 a
632 534 810 606 lateribus
836 533 1012 605 cerebelli
1032 532 1091 603 in-

86 656 196 752 tegri,
216 671 260 727 ut
276 655 373 748 dixi,
393 680 441 725 an
457 679 502 724 ex
513 651 773 724 vertebrarum
794 650 916 722 tubo?
935 649 1090 721 effluere

89 773 159 842 visa
175 788 242 844 est.
278 778 421 845 Verum
457 770 564 842 fluidi
599 769 788 866 sanguinis
824 783 927 839 tanta
958 769 1092 864 copia,

87 904 263 984 quantam
280 915 476 987 nunquam
497 904 607 960 antea
627 888 934 983 intracranium,
955 884 1090 957 vidisse

87 1009 349 1097 memineram,
369 1032 454 1078 vasa
465 1006 592 1077 omnia
608 1020 691 1076 tum
711 1006 852 1075 circum
874 1003 1091 1090 cerebrum,

87 1137 160 1193 tum
179 1126 280 1195 intra
295 1124 495 1217 cerebrum
511 1120 765 1209 distendebat,
782 1135 824 1191 ut
843 1120 905 1191 vel
919 1119 1087 1217 quaedam

89 1241 250 1329 vascula,
265 1267 347 1338 quae
358 1241 576 1313 tenuissima
587 1264 666 1313 esse
683 1252 976 1326 consueverunt,
991 1262 1089 1335 mag-

89 1380 225 1454 nopere
243 1358 393 1455 turgida
408 1357 463 1459 (1)
484 1356 823 1428 animadverterim.
897 1364 901 1371 ‘

131 1476 227 1546 tussi
256 1475 506 1547 nihilominus
537 1475 732 1565 thoracem
764 1498 917 1571 quoque
940 1473 1086 1571 aperiri.

91 1592 302 1680 Pulmones,
319 1595 387 1664 etsi
406 1591 591 1665 adrestas
611 1591 733 1664 valide
750 1615 916 1662 annexus
943 1604 1020 1660 erat
1039 1591 1088 1662 si-

93 1708 221 1797 nister,
248 1710 328 1780 sani
350 1724 457 1780 erant
470 1755 474 1761 ,
489 1723 624 1780 tamen.
655 1707 897 1805 Pinguedinis
923 1708 1027 1778 color
1048 1708 1088 1777 in

92 1826 307 1907 mediastino
320 1824 446 1899 fuscus
460 1853 470 1915 3
483 1825 627 1896 credidi
641 1850 662 1896 a
678 1825 859 1921 sanguine
869 1826 914 1919 in
923 1826 1087 1897 minimis

94 1944 242 2016 vasculis
268 1945 473 2016 restitante.
496 1948 541 2013 In
563 1940 776 2041 pericardio
801 1956 955 2012 cruenta
972 1967 1088 2038 aqua,

94 2084 207 2158 neque
222 2063 273 2137 ita
294 2062 421 2132 multa.
442 2064 517 2131 Cor
544 2085 746 2159 magnum,
770 2062 865 2132 vasis
895 2060 970 2131 suis
997 2084 1086 2157 pro-

95 2180 195 2275 priis,
214 2195 251 2251 et
269 2180 445 2253 auriculis
461 2163 643 2277 sanguine
657 2178 839 2276 turgidis:
860 2179 927 2276 qui
939 2173 1088 2276 grume-

95 2318 148 2368 sus
158 2297 318 2395 prodiit,
332 2296 421 2368 dum
433 2321 515 2385 cor,
527 2283 575 2368 'ut
591 2275 806 2395 diligentius
815 2311 919 2387 extra
932 2296 1087 2395 cadaver

95 2417 361 2505 examinarem,
386 2440 408 2485 a
437 2414 533 2486 vasis
564 2413 769 2510 majoribus
800 2413 1084 2512 amputabatur:

96 2542 280 2626 grumosus
299 2558 453 2630 quoque
480 2547 592 2629 atque
614 2547 695 2603 ater
713 2529 783 2625 fuit
807 2532 847 2602 in
871 2531 1086 2603 ventriculis

97 2647 234 2739 cordis,
261 2676 332 2722 nec
362 2666 487 2722 tamen
514 2650 710 2748 plurimus.
746 2649 903 2747 Valvula
932 2649 1086 2721 mitralis

97 2765 235 2838 dextera
261 2768 366 2841 alba:
391 2768 482 2839 alhae
510 2792 664 2865 quoque
685 2767 966 2839 semilunarium
993 2792 1086 2837 non-

99 2884 196 2956 nullae
205 2914 217 2974 3
237 2885 302 2957 sed
319 2886 381 2957 illa
400 2887 543 2976 multu,
560 2885 617 2955 bae
633 2885 747 2982 paulo
760 2883 953 2971 duriores,
973 2909 1087 2981 quam

96 3001 246 3074 soleant:
264 3005 305 3073 in
336 3004 507 3102 utrisque
531 3014 658 3075 tamen
684 3004 819 3094 natura
845 3001 1085 3075 membranea

92 3116 131 3184 ‘in
154 3135 322 3191 naturam
353 3122 460 3217 quasi
487 3121 682 3219 ligamenti
708 3120 1008 3218 degeneraverat.
1042 3125 1086 3191 In

98 3232 206 3305 media
225 3230 436 3333 posteriore
456 3236 580 3308 cordis
599 3235 692 3308 facie
714 3236 974 3308 membranula
990 3220 1087 3335 quae-

98 3348 172 3422 dam
194 3354 277 3426 alba
303 3354 474 3445 extabat,
494 3357 602 3452 quasi
625 3371 744 3454 ruptae
766 3353 955 3452 hydatidis
975 3359 1087 3429 vesti-

99 3467 197 3563 gium.
216 3474 384 3544 Exterius
403 3497 558 3570 quoque
579 3496 647 3570 per
672 3473 877 3544 auriculam
894 3473 1086 3547 dexteram
1142 3489 1144 3493 ’

99 3588 233 3659 macula
245 3590 348 3662 albae.
362 3596 547 3662 Caeterum
560 3582 696 3662 arteria
711 3616 866 3691 magna,
881 3607 994 3690 atque
1005 3594 1087 3684 alia,
1124 3638 1127 3643 ·

134 3942 172 4020 (1)
191 3950 254 4007 vid.
274 3952 362 4038 etiam
380 3949 475 4025 Epist.
492 3950 545 4022 60,
561 3970 591 4007 u.
610 3970 655 4006 12.
