2784 4668
315 381 363 455 80
479 407 528 455 nu
553 405 699 456 surmus
723 408 767 456 ur
792 408 917 460 muns
943 410 1154 464 moerorum

152 560 161 573 ·
236 528 238 533 ⁴
316 542 436 593 causae
445 520 595 608 aliae,et
601 520 676 618 jam
688 521 728 594 in
741 522 898 596 cerebro
907 524 991 624 ipso
1001 507 1236 626 repertaelet
1250 531 1317 601 mi-

314 637 409 710 nimi
423 653 547 711 tamen
565 639 676 710 simul
689 655 913 713 accusantur
926 643 1123 722 vermiculi
1135 645 1316 744 postridie

312 756 354 826 in
374 779 472 853 aqua
490 755 761 845 animadversi,
779 756 822 827 in
838 781 914 855 qua
930 758 1135 857 particula,
1153 785 1199 833 ex
1217 786 1317 834 cere·

313 866 386 946 bro
404 887 573 971 sumpta,
593 869 714 947 fuerat
730 889 927 946 macerata.
947 873 1203 951 Vehementes
1222 864 1317 977 quo-

313 1014 389 1088 que
409 991 435 1059 ii
457 989 607 1103 dolqes
625 1005 752 1080 erant,
774 1014 870 1089 quos
890 1015 1059 1083 vermes,
1081 1019 1127 1068 ex
1150 998 1318 1097 centipe-

314 1106 405 1180 dum
425 1132 563 1207 genere
583 1105 759 1180 creabant
779 1106 1098 1208 duo'priusquam
1122 1138 1142 1184 e
1163 1114 1319 1189 naribus

312 1224 546 1321 ejicerentur.
556 1226 633 1297 Nec
641 1239 767 1297 tamen
776 1225 846 1296 viri
854 1224 1318 1329 doctissimierrnmslil,

313 1339 569 1414 et'Minonrus
587 1340 652 1439 (α)
667 1342 735 1440 qui
751 1364 816 1414 eos
832 1340 1030 1435 viderunt,
1049 1345 1260 1445 quidquam
1270 1348 1317 1423 de

311 1460 670 1559 cerebrosuspieati
702 1472 818 1550 sunt,
842 1459 908 1533 sed
937 1486 958 1532 a
985 1463 1071 1535 sinu
1096 1462 1252 1561 frontali
1274 1467 1314 1537 in

308 1603 423 1678 quem
447 1578 625 1676 exiguum
649 1538 803 1661 Qvuldm
826 1579 864 1649 vi
887 1568 1146 1679 respirationis
1168 1582 1314 1657 immis-

310 1721 393 1772 sum
422 1712 542 1784 esset,
568 1695 796 1794 repetendos
822 1718 930 1785 esse,
957 1718 1036 1769 non
1063 1698 1312 1791 dubitarunt,

309 1813 413 1885 haud
429 1837 536 1885 secus
551 1829 664 1911 atque
675 1812 799 1885 clarus
808 1818 1044 1889 Herennius
1061 1815 1116 1915 (3)
1134 1842 1222 1893 cum
1234 1843 1314 1890 rer·

307 1930 468 2002 miculos
478 1954 614 2028 parvos
626 1927 743 2019 duos,
763 1930 1026 2004 curculionum
1034 1934 1314 2024 instar,eadem

305 2049 365 2144 via
388 2046 643 2150 prodeuntes,
670 2064 708 2122 et
727 2049 946 2121 sevissimos
969 2047 1315 2149 eapitis'cruciatus

305 2166 513 2254 solventes,
533 2166 575 2236 in
598 2165 747 2237 narium
772 2189 942 2239 recessus
964 2181 1143 2241 attractos
1166 2171 1313 2242 censuit

266 2274 268 2280 ¹
288 2262 349 2357 Jex
366 2281 524 2355 floribus
542 2280 697 2355 fortasse
720 2283 761 2354 in
779 2281 921 2381 quibus
942 2285 1157 2359 rudimenta
1173 2310 1311 2358 eorum

300 2402 482 2490 laterent,
503 2402 641 2473 arctius
656 2400 705 2471 ad
725 2423 835 2471 nares
848 2403 1057 2499 oppressis,
1076 2404 1247 2501 altaque,
1268 2417 1311 2478 ut

300 2520 448 2593 incaute
466 2516 529 2607 fit,
547 2517 815 2615 inspiratione,
833 2508 1025 2591 olfactatis.
1039 2523 1085 2592 Et
1096 2536 1183 2592 ante
1200 2519 1310 2593 illum

299 2641 555 2710 Gunnnmrms
580 2634 633 2732 (l)
652 2634 905 2725 vermiculos,
931 2634 1067 2709 eodem
1092 2661 1181 2710 cum
1209 2637 1311 2711 leva·
1343 2640 1346 2647 ’

298 2757 402 2827 mine
416 2779 436 2825 e
452 2753 606 2827 naribus
618 2753 779 2848 ejectos,
793 2755 976 2851 quoniam
991 2755 1201 2854 persimiles
1213 2753 1310 2830 vidit

297 2873 452 2945 illorum
468 2874 534 2971 qui
552 2897 596 2943 ex
616 2871 756 2942 muscis
774 2873 1023 2969 proveniunt,
1041 2898 1063 2944 a
1080 2858 1209 2947 musca
1225 2896 1308 2945 ma-

297 3006 355 3062 tre
369 2991 533 3063 deduxit.
549 2995 662 3061 Recte
671 3013 825 3069 omnes,
837 2989 941 3088 quod
956 2988 1079 3090 neque
1092 3017 1138 3063 ex
1156 2994 1308 3091 putres-

298 3124 406 3180 cente
422 3108 600 3197 materia,
615 3132 740 3206 neque
758 3108 798 3179 in
812 3110 931 3180 cranii
943 3134 1034 3181 cavo
1049 3111 1222 3208 genitos,
1239 3106 1309 3189 sed

298 3248 344 3299 ex
358 3225 438 3296 ovis
450 3225 616 3301 minimis
630 3277 641 3312 ,
655 3241 720 3296 aut
734 3224 959 3300 rudimentis
969 3226 1307 3320 animalculorum,
1378 3238 1381 3243 ’

298 3342 530 3415 extrinsecus
547 3342 728 3432 invectis,
751 3347 985 3442 procrevisse
1005 3347 1047 3417 in
1069 3347 1220 3420 narium
1244 3369 1310 3418 re·

400 3864 467 3920 Act.
481 3865 550 3921 Nat.
568 3868 657 3936 Cun,
671 3866 701 3923 d.
716 3864 749 3939 3,
767 3866 831 3924 obs.
852 3884 918 3922 110.

400 3962 478 4043 Eph.
495 3967 533 4026 N.
547 3967 581 4024 C.
594 3966 658 4026 dec.
673 3967 690 4025 3
699 4008 709 4039 ,
725 3985 775 4024 au.
788 3966 822 4039 8,
834 3965 907 4025 Obs.
924 3970 993 4034 πάι.
