2780 4666
235 492 303 538 mu
331 493 356 547 1,
383 492 430 539 aa
456 482 909 554 meermannianam.
936 491 970 535 v.
1027 464 1092 538 311

97 629 119 675 a
141 608 272 700 Meryo
300 602 563 700 quadauuenus
588 617 793 702 acceperat.
819 601 895 671 'Hic'
912 601 1013 677 euim
1041 600 1097 698 (ι)
1199 657 1206 662 .

99 746 188 793 cum
204 745 338 792 venam
354 744 483 791 cavam
495 721 653 793 viventia
666 720 767 790 canis
784 743 897 817 supra
905 718 1100 815 emulgen-

97 854 154 910 tes
172 840 385 937 puniisset,
400 860 578 934 eamque,
597 853 641 908 ut
654 816 878 934 sanguflem
896 834 1100 939 emittebat,

99 957 151 1026 ita
167 956 266 1026 aeris
291 953 405 1024 bullis
431 954 732 1051 ingredientibus
755 954 870 1026 simul
898 977 984 1025 cum
1015 977 1102 1023 san-

98 1073 215 1168 guine
231 1070 279 1141 ab
296 1096 398 1144 uenae
409 1070 621 1159 radicibus,
637 1071 807 1168 impleri,
825 1069 1102 1142 animadvertis·
1164 1073 1166 1077 ’

96 1203 177 1275 set,
197 1211 243 1257 eo
260 1186 488 1282 majoribus,
513 1210 591 1284 quo
615 1189 740 1259 minus
759 1188 951 1285 sauguinis
968 1193 1101 1283 super-

96 1319 202 1392 erat3
220 1328 298 1375 uun
315 1302 502 1376 dubitavit
515 1306 608 1401 quin
625 1304 682 1375 hae
695 1302 806 1375 buiiae
818 1304 865 1376 ab
876 1329 961 1376 aere
979 1315 1102 1376 essent

99 1424 168 1519 qui
185 1444 261 1519 ape
280 1423 535 1520 respirationis
547 1423 586 1492 iu
606 1423 868 1520 pulmonarem
882 1437 1101 1493 renamtra·

98 1540 241 1634 jactus,
257 1536 361 1610 illinc
387 1564 456 1636 per
471 1539 662 1612 sinistrum
684 1539 808 1610 cordis
832 1538 1103 1628 ventriculum,

99 1678 353 1754 magnamque
372 1657 548 1728 arteriam
563 1655 717 1727 taudem
738 1658 777 1722 in
796 1678 899 1724 venae
924 1677 1021 1724 cavae
1044 1676 1101 1724 ra·

96 1772 202 1844 dices
230 1792 412 1845 unacum
432 1774 613 1871 sanguine
630 1768 919 1843 conveheretur.
941 1774 1024 1839 Haec
1042 1792 1104 1841 au-

98 1902 177 1961 tem
193 1893 325 1984 Meryo
337 1889 445 1960 tauto'
451 1886 618 1971 facilior,
637 1902 750 1982 atque
763 1885 856 1956 adeo
865 1885 1103 1959 commodior

100 2019 180 2076 erat
197 2004 415 2101 explicatio,
431 2001 540 2099 quod
555 2022 680 2071 aerem
694 2002 754 2071 vel
767 2000 975 2095 secuudum
991 2018 1102 2083 natu-

98 2146 180 2192 ram
200 2144 270 2218 per
287 2140 423 2190 venam
446 2118 710 2216 pulmonarem
739 2118 779 2187 in
796 2123 1020 2217 sanguinem
1036 2120 1101 2192 ad-

96 2243 275 2326 missum,
296 2239 429 2309 intime
455 2260 541 2310 cum
565 2236 641 2308 hoc
665 2238 831 2324 misceri,
852 2237 1102 2336 pernegabat,

97 2363 242 2460 quippe
251 2359 329 2455 jam
346 2355 441 2426 aeris
455 2354 544 2426 satis
556 2353 691 2451 pleno,
703 2368 749 2424 ut
764 2374 849 2423 cum
861 2353 1099 2451 potionibu5‚

96 2493 134 2549 et
153 2475 266 2564 cibis,
283 2475 335 2544 ita
349 2488 439 2541 eum
451 2469 653 2567 sanguine,
673 2468 740 2565 qui
754 2494 799 2540 ex
818 2469 862 2540 iis
880 2467 1098 2558 canfi'cstur,

96 2594 229 2667 intime
243 2588 412 2689 permisti
430 2613 438 2655 :
456 2587 583 2684 itaque
598 2586 702 2656 hune
711 2583 868 2682 quidem
876 2586 1007 2657 intime
1016 2610 1100 2685 per-

95 2711 249 2783 mistum
270 2728 394 2781 aerem
410 2701 608 2789 censebat,
630 2722 711 2773 non
736 2724 844 2772 secus
865 2726 908 2772 ac
930 2702 983 2773 sal
1000 2728 1098 2800 aqua

95 2826 340 2910 dissolutum,
357 2846 444 2893 cum
462 2820 649 2892 secretisa
668 2820 851 2916 sanguiue
872 2817 1098 2894 humoribus

95 2946 197 3017 exire
215 2964 284 3040 per
298 2939 533 3013 emunctoria
544 2935 736 3034 quaelibet:
752 2934 861 3006 illum
875 2950 1000 3006 autem
1011 2936 1098 3009 aite-

94 3085 181 3133 rum
199 3080 324 3130 aerem
336 3081 406 3155 per
420 3054 684 3154 pulmonarem
704 3076 840 3126 venam
863 3054 1096 3145 immissum,

94 3202 201 3275 eque
226 3198 269 3247 ae
295 3173 469 3271 aal'quod
494 3172 608 3265 addas
633 3198 737 3272 aquae
761 3187 869 3243 antea
895 3162 1098 3244 sale⁹satu·

93 3309 199 3381 rata,
215 3314 364 3389 semper
376 3292 652 3393 impermistum
671 3304 860 3389 perstare,
877 3304 1095 3387 propterea·

94 3436 170 3508 que
185 3436 207 3481 e
224 3409 415 3505 sanguinis
429 3407 542 3479 alveis
559 3432 638 3477 non
661 3408 734 3477 nisi
756 3430 842 3477 eum
859 3406 907 3477 ad
922 3408 1095 3479 arteriam

93 3529 358 3626 pulmonarem
398 3550 473 3597 una
513 3550 600 3597 cum
640 3525 822 3623 sanguine
860 3527 1095 3622 pervenerit,

93 3644 361 3743 egrediposae,
379 3642 510 3725 eadem
524 3642 697 3713 videficet
710 3666 822 3742 usum
841 3664 918 3736 qua
935 3641 1094 3715 advenae

977 3750 986 3785 Ι

129 3998 176 4075 (ι)
194 3997 334 4056 Memoir.
349 3997 386 4054 de
397 3998 508 4056 l’Aead.
525 4000 600 4074 Ray.
616 3988 666 4055 des
683 3999 731 4056 Sc.
742 4035 751 4067 ,
763 4013 812 4051 an.
828 4011 912 4072 ¹7⁰7·
