2780 4666
201 465 278 515 :una
305 467 330 512 1.
357 466 405 513 ur
430 465 886 531 uorarscsrms,rr1sr.
913 467 947 514 v.
1009 443 1079 517 265

584 655 1078 707 mmmmm

99 875 370 958 EPISTOLA
398 877 477 958 AN
483 876 975 964 ATorsscoMEDICA
1000 881 1051 959 V.

73 1106 130 1174 De
144 1103 369 1203 Apoplenia
388 1128 474 1202 qnoe
497 1130 616 1204 neque
639 1132 664 1177 a
685 1111 881 1204 sanguine,
907 1130 1026 1204 neque
1050 1133 1075 1178 a

242 1240 245 1245 ·
326 1246 408 1297 sero
427 1238 497 1311 est,
515 1248 635 1294 sermo
653 1223 820 1296 habetur.

74 1407 350 1561 Panchrus,
368 1486 411 1542 ut
430 1470 592 1559 solebat,
610 1468 859 1542 Boerhaavius
878 1467 950 1566 (t),
974 1470 1074 1565 Apo·
1099 1484 1101 1487 ’

69 1582 212 1679 plexia,
232 1585 375 1684 inquit,
394 1589 485 1659 bene
501 1586 678 1662 dividitur
695 1595 733 1658 in
756 1570 1016 1683 sanguineam,
1038 1599 1077 1655 et

64 1705 288 1797 pituitosam
295 1730 309 1789 ,·
325 1703 481 1776 sednon
492 1707 662 1804 perfecta
678 1705 874 1792 divisione,
900 1727 1013 1800 quum
1039 1717 1077 1773 et

71 1841 218 1906 serora,
239 1834 276 1889 et
302 1822 542 1909 acrabittena,
563 1837 602 1894 et
618 1822 808 1921 polyposa
828 1827 892 1907 sit,
919 1836 957 1891 ct
982 1818 1072 1891 alia.

71 1933 288 2043 Eademque
306 1935 438 2027 nobis,
463 1941 605 2037 quippe
621 1944 836 2010 nuatomr'ca
851 1942 1076 2036 inspectione

71 2050 295 2123 cadaverum
314 2077 359 2123 eo
376 2053 513 2127 morbo
532 2063 782 2127 extinctorem
806 2056 946 2153 pariter
964 2054 1078 2149 edne-y

70 2169 133 2259 tis,
153 2169 185 2240 si
202 2192 321 2270 pauca
340 2169 511 2268 quaedam
524 2171 706 2271 excipias,
725 2172 911 2251 sententia
927 2186 991 2247 est.
1005 2177 1076 2275 Ita·

71 2309 146 2384 que
166 2309 254 2357 cum
271 2285 506 2386 apoplexiam
525 2289 564 2358 in
578 2290 841 2388 sanguineam,
859 2303 895 2360 et
912 2311 1077 2360 serosam
1135 2326 1138 2332 ·

71 2401 268 2478 divisimus
279 2403 352 2502 (2),
369 2430 448 2476 non
460 2406 639 2479 morbum
650 2408 775 2505 ipsum
788 2405 998 2496 divisimus,
1012 2405 1077 2479 sed

70 2516 347 2618 frequentiores
363 2523 491 2620 potius
503 2548 590 2596 cum
609 2522 787 2612 aliorum,
807 2539 888 2595 tum
903 2524 1076 2596 uomina·

69 2638 135 2709 tim
147 2638 349 2729 Valsalvae,
369 2654 406 2711 et
423 2655 571 2712 nostras
591 2642 914 2740 apoplecticorum
938 2639 1076 2712 dissec-

69 2756 213 2844 tiones,
233 2758 462 2855 caeteroquin
475 2756 612 2831 diserte
625 2742 730 2857 fassi,
750 2781 1026 2855 nonuunquam
1040 2770 1076 2830 et

66 2872 179 2962 alias,
198 2888 335 2970 praeter
360 2875 600 2972 sanguinem,
628 2891 665 2947 et
695 2899 840 2963 serum,
872 2874 1075 2973 apoplexiae

71 3012 203 3064 causas
231 2991 413 3080 inveniri,
439 3015 600 3088 quarum
631 2990 701 3063 tibi
722 2990 885 3090 aliquas,
914 3007 957 3063 ut
984 3007 1077 3086 tunc

70 3106 338 3211 promisimus,
352 3107 423 3180 hac
440 3109 597 3207 epistola
616 3134 883 3209 proponemus.
905 3110 1076 3183 Serosam

69 3239 196 3296 autem
207 3226 332 3320 potius
341 3224 518 3316 diximus,
530 3252 643 3326 quam
654 3228 888 3326 pituitosam,
903 3224 1075 3326 frequen-

68 3341 163 3415 tiora
181 3342 326 3439 pariter
341 3359 561 3442 spectantes.
579 3347 672 3417 Nam
691 3360 734 3417 ut
757 3369 846 3418 vera
866 3345 1077 3443 scripsisse,

69 3481 145 3530 non
166 3457 404 3557 dubitemus,
420 3458 646 3537 Columhum
662 3476 835 3535 nostrum
849 3459 924 3560 (3),
941 3486 1027 3534 eum
1037 3486 1077 3535 se

106 3776 152 3856 (ι)
176 3779 292 3853 Aphor.
309 3774 346 3836 de
360 3797 497 3857 cognosc.
510 3780 607 3839 morb.
622 3785 638 3854 ς
655 3799 741 3841 rora.
771 3832 777 3841 ,

109 3878 154 3958 (a)
178 3880 275 3954 Epist.
293 3897 326 3949 α,
342 3898 373 3935 n.
391 3879 419 3936 6.
574 3874 578 3883 ’

111 3978 157 4056 (3)
179 3979 226 4036 De
239 3980 280 4036 Re
293 3981 383 4036 Anat.
396 3981 419 4036 1.
434 3978 485 4080 15.
