2780 4666
183 494 253 538 ma·
280 491 304 537 1.
333 493 379 538 nu
405 490 852 554 uoaarsesr1r1s,ur1sr.
879 490 943 538 vn.
996 468 1064 565 347

67 628 135 674 cor
152 619 277 675 autem
296 604 555 675 concretiones
572 602 665 674 duas
687 601 819 673 habuit
842 603 1067 701 polyposas,

65 722 224 793 alteram
242 721 281 789 in
299 719 508 791 ventriculo
523 719 676 791 dextero
694 718 918 806 subflavum,
944 737 980 794 et
997 724 1068 820 vis-

66 835 213 923 eidam,
227 862 309 933 quae
324 838 362 907 in
377 836 564 920 auricula,
581 851 618 907 et
634 858 753 935 prope
765 836 997 932 pulmonaris
1010 863 1068 913 ar-

65 954 172 1024 teriae
187 951 391 1040 orificium,
416 953 521 1049 quod
543 967 666 1024 tamen
690 977 769 1023 non
794 952 962 1041 subibat,
985 954 1068 1027 alba

63 1067 199 1157 fiebat,
217 1068 443 1166 duriorque3
457 1069 611 1142 alteram
620 1069 760 1157 albam,
774 1084 811 1142 et
822 1070 960 1140 duram
971 1072 1010 1143 in
1022 1073 1067 1143 si-

64 1187 190 1258 nistro
207 1164 436 1274 ventriculo,
450 1202 487 1257 et
503 1187 611 1258 initio
623 1189 765 1258 arteriae
779 1211 932 1285 magnae.
948 1188 1067 1282 Hujus

63 1302 226 1374 valvulae
238 1347 251 1391 ,-
265 1319 302 1375 et
328 1305 493 1374 mitrales
517 1303 579 1375 hic
598 1304 673 1374 illic
691 1305 814 1393 durae,
832 1303 995 1376 necdum
1013 1319 1069 1375 ta-

62 1442 157 1490 men
167 1443 289 1491 osseae.
302 1423 422 1518 Ipsius
434 1436 558 1491 autem
570 1422 712 1493 arteria
726 1436 884 1492 truncus
897 1475 907 1507 ,
922 1423 952 1493 si
969 1435 1067 1492 exte·

62 1538 147 1609 rius
159 1538 363 1635 inspiceres
381 1564 454 1635 qua
477 1538 686 1610 secundum
700 1537 893 1609 vertebras
914 1537 1068 1609 descen·

62 1653 120 1724 dit
135 1681 146 1742 ;
162 1652 372 1751 sanguifera
389 1654 527 1752 quibus
545 1670 721 1742 ornatur,
736 1654 884 1725 vascula
895 1654 1066 1725 ostende·

61 1769 130 1841 bat
147 1769 310 1842 multum
327 1769 510 1842 distenta:
534 1771 563 1842 si
582 1794 673 1841 vero
697 1770 873 1858 interius3
890 1794 1067 1866 squamu-

60 1887 117 1958 las
141 1888 279 1984 passim
301 1888 491 1975 duriores,
509 1888 712 1986 multisque
739 1888 779 1958 in
803 1887 895 1958 locis
909 1887 986 1981 jam
1006 1911 1066 1959 os·
1100 1924 1102 1927 v

61 2027 165 2093 seas,
193 2003 337 2101 hasque
354 2006 464 2077 etiam
489 2029 565 2102 qua
589 2005 620 2075 is
645 2020 804 2075 truncus
829 2004 868 2073 in
893 2017 1064 2075 ventrem

60 2121 295 2219 pertinebat,
312 2123 400 2192 etin
418 2123 611 2218 superiore
627 2121 755 2217 aliquo
765 2121 845 2215 ejus
855 2144 982 2208 ram03
1000 2119 1065 2193 sed

60 2262 185 2336 prope
204 2262 269 2308 cor
283 2239 409 2309 minus
425 2237 537 2308 duras
553 2264 561 2306 ε
579 2252 758 2335 praterea
776 2239 874 2308 inter
891 2261 1065 2334 squamu-

61 2356 135 2441 las,
152 2355 378 2452 quibusdam
393 2357 432 2425 in
451 2355 561 2441 locis,
578 2354 736 2425 interior
747 2355 871 2424 tunica
886 2354 1068 2427 desidera-

59 2471 194 2559 batur,
213 2471 342 2568 ibique
369 2471 600 2557 exulcerata,
626 2486 664 2541 et
689 2484 842 2541 corrosa
868 2468 1065 2542 videbatur

59 2591 192 2660 tunica
208 2589 398 2686 proxima,
425 2588 512 2658 etin
526 2586 671 2674 rubrae,
699 2585 933 2684 putridaeque
959 2586 1063 2659 subs-

57 2706 186 2776 tantiae
211 2703 387 2793 frustula,
408 2728 491 2803 quae
510 2702 733 2800 prodibant,
752 2726 948 2775 conversa.
975 2708 1062 2775 Cra·

58 2823 168 2892 nium
185 2824 386 2909 exsecturi,
401 2821 492 2892 dum
511 2821 737 2919 temporales
755 2818 945 2891 musculos
959 2845 1062 2893 amo-

57 2962 214 3025 vemus,
229 2937 336 3008 valde
360 2939 538 3034 strigosus
554 2936 904 3024 animadvertimus,
927 2936 1061 3024 credo,

58 3056 150 3152 quia
172 3056 250 3152 jam
268 3055 333 3126 diu
353 3056 479 3127 minus
498 3054 619 3126 valide
636 3080 673 3127 se
691 3050 987 3144 contenderant,¹
1002 3070 1061 3126 ut-

57 3188 151 3270 pote
158 3175 199 3243 in
210 3196 297 3244 sene
307 3173 584 3272 propemodum
593 3174 750 3244 omniuo
760 3172 949 3243 edentulo.
959 3176 1060 3244 Dum

56 3314 151 3362 vero
160 3306 305 3389 caputa
319 3315 464 3363 summa
473 3293 580 3389 spina
593 3289 878 3389 amputabatur,
888 3315 933 3361 ex
945 3289 1059 3385 hujus
1150 3288 1153 3293 ’

56 3407 152 3479 tubo
166 3434 248 3478 nou
266 3409 450 3497 multum,
466 3434 512 3480 ex
527 3411 661 3505 majori
677 3424 803 3480 autem
816 3410 907 3480 ossis
920 3410 1059 3506 occipi-

56 3526 103 3596 tis
120 3522 307 3598 foramine
317 3548 451 3625 magua
460 3528 516 3598 vis
525 3551 631 3624 aquae
642 3526 792 3624 prodiit.
799 3525 1057 3616 Quamobrem

54 3664 180 3714 crassa
196 3624 358 3714 'menius
374 3667 462 3715 mox
477 3643 584 3722 valde
602 3659 799 3742 corrugata
824 3643 1058 3741 deprehensa

54 3773 121 3831 est.
139 3759 222 3830 snb
237 3762 344 3831 tenui
357 3776 483 3833 tamen
498 3764 538 3832 iu
555 3761 700 3835 cerebri
715 3760 946 3834 anfractibus
960 3786 1056 3857 aqua

53 3892 251 3973 supererat
267 3878 347 3973 ejus
362 3880 492 3953 senilis
500 3882 543 3951 in
558 3903 633 3977 qua
649 3904 737 3952 caro
750 3903 882 3951 recens
896 3879 972 3949 lota
988 3879 1054 3949 sit:

52 3994 271 4089 cujusmodi
291 4018 396 4092 aqua
421 3999 547 4096 portia
564 3998 689 4095 aliqua
714 4014 751 4070 et
777 3999 819 4067 iu
842 3992 1055 4066 lateralibus
