2862 4668
304 437 352 518 [μ
590 430 965 492 'rnmrtrro

304 567 343 624 ad
357 564 390 621 id
408 562 491 639 quod
508 560 666 637 quatitur,
689 559 921 635 reperiendum
944 558 1028 617 videt
1043 561 1197 636 prolecto,
1215 563 1317 621 multo

303 664 408 722 utilius
429 683 504 738 opus
523 664 632 731 luisse,
654 663 804 732 futurum,
828 663 852 718 si
872 673 934 718 tcta
955 663 1127 720 observatio
1146 667 1237 720 semel
1257 666 1317 720 ubi·

305 764 489 823 commodius
514 763 630 832 fuisset,
649 762 822 836 proposita,
845 774 873 816 et
897 773 977 818 certo
999 781 1123 819 numero
1142 764 1313 840 designata,

306 883 364 939 per
378 860 473 931 hunc,
486 863 666 936 ubicumque
682 864 942 919 commemoranda
958 873 1022 919 erat
1031 905 1040 936 ,
1059 882 1115 922 nec
1126 882 1182 938 per
1204 863 1318 920 sectio*

305 983 374 1021 nem
391 966 533 1039 duntaxat
548 975 621 1019 esset
638 963 776 1019 indicata.

347 1065 375 1121 6.
394 1069 496 1140 Longe
510 1077 607 1132 autern
625 1064 767 1137 majorem
780 1064 888 1137 adjecti
905 1064 989 1140 operi
1001 1065 1062 1119 duc
1075 1066 1178 1120 saltem
1189 1080 1319 1121 accura-s

306 1166 413 1222 tissimi
432 1167 545 1223 indices
563 1166 759 1241 praebuissent
776 1166 944 1221 utilitatem.
965 1166 1107 1234 llemini,
1128 1186 1195 1221 cum
1210 1168 1315 1222 Bono·

305 1265 396 1335 niam,
410 1266 462 1321 ubi
477 1278 545 1322 tunc
556 1266 860 1342 degebam,recusum
870 1285 966 1341 nuper
973 1263 1200 1341 Sepulebretum
1208 1265 1319 1321 linisset

306 1367 523 1440 importatum,
551 1384 598 1421 me
619 1352 807 1423 vehementer
833 1382 897 1423 esse
919 1366 1068 1441 gavisum,
1092 1347 1173 1424 dum
1189 1365 1222 1420 in
1249 1364 1318 1438 ejus

306 1452 409 1522 fronte
427 1466 538 1522 editum
556 1469 684 1543 legerem
708 1488 772 1522 cum
792 1468 940 1522 lodicibus
961 1467 1138 1523 necessariis.
1160 1465 1219 1522 Sed
1237 1482 1316 1540 gau-

307 1567 391 1623 dium
409 1567 523 1622 tamdiu
536 1568 687 1640 perstitit,
705 1568 799 1623 donee
821 1568 876 1623 hos
898 1585 1048 1640 quaerens,
1072 1582 1165 1622 uuum
1182 1577 1317 1621 tantun-¹

306 1667 398 1724 modo
415 1686 490 1736 esse,
505 1667 583 1736 vidi,
602 1667 653 1740 qui
670 1667 762 1736 nihil,
775 1667 832 1722 nisi
850 1665 985 1740 praefixos
1004 1665 1263 1723 observationibus
1278 1664 1319 1720 ti-

308 1768 387 1822 tulos
393 1766 583 1836 ,contineret
599 1787 606 1820 ε
624 1783 754 1840 quorum
768 1767 892 1839 plurimi
909 1786 976 1825 oum
994 1767 1050 1840 ipsi
1066 1785 1185 1841 qouque
1200 1777 1253 1822 aut
1270 1767 1315 1820 la-

308 1876 420 1933 tenter,
438 1877 490 1921 aut
501 1878 603 1939 aperte
616 1880 670 1922 nec
686 1866 906 1923 dissimulanter
912 1867 971 1925 sint
981 1867 1092 1936 manci,
1104 1884 1205 1922 omnes
1217 1878 1319 1923 autem

307 1960 391 2025 haud
418 1966 477 2021 alio
497 1984 586 2040 quam
607 1966 847 2035 observationes,
866 1968 971 2023 ordine
994 1967 1157 2041 propositi,
1175 1965 1235 2023 dici
1255 1983 1321 2022 nou

309 2076 426 2142 potest,
444 2078 518 2139 quot
531 2078 748 2141 symptomata,
767 2079 818 2122 aut
830 2079 905 2140 quot
919 2068 989 2125 item
1001 2066 1134 2124 laesiones
1143 2066 1275 2141 partium
1284 2066 1320 2121 in

310 2166 574 2224 observationibus
596 2168 716 2242 quidem
745 2168 967 2237 describantur,
992 2186 1048 2242 per
1069 2168 1198 2224 indicem
1219 2178 1320 2224 autem

309 2287 407 2341 neque
418 2267 625 2343 designentur,
647 2288 702 2324 nec
717 2269 847 2343 singula,
860 2287 915 2325 nec
932 2267 1055 2343 singulae
1066 2286 1127 2323 una
1137 2287 1205 2323 cum
1217 2267 1264 2323 sui
1281 2266 1320 2323 si·

310 2368 431 2423 milibus
451 2367 656 2424 exhibeantur.
673 2369 761 2424 Unde
780 2366 909 2443 ingentis
927 2368 1027 2441 operis
1048 2386 1157 2444 magna
1177 2384 1212 2422 ex
1232 2376 1320 2441 parte

221 2514 224 2520 .
257 2478 265 2489 “
311 2467 424 2524 utilitas
438 2468 532 2542 perit,
548 2488 612 2542 quar
630 2469 699 2523 inde
715 2467 879 2542 praesertim
897 2467 1056 2537 extitisset,
1074 2469 1099 2523 si
1112 2469 1198 2542 plura
1214 2465 1322 2523 similia

311 2581 510 2643 symptomata
527 2580 628 2642 presto
641 2579 737 2624 essent
750 2586 816 2640 quae
834 2586 901 2622 cum
917 2567 1055 2639 pluribus
1070 2566 1255 2635 laesionibus,
1273 2566 1323 2621 in-

312 2680 358 2724 ter
374 2689 404 2724 se
426 2681 477 2724 aut
498 2668 659 2735 similibus,
675 2678 727 2721 aut
743 2666 953 2731 dissimilibus,
972 2665 1059 2722 facile
1074 2685 1176 2740 posses
1199 2682 1323 2741 compa-

311 2787 398 2839 rare,
417 2780 445 2824 et
460 2768 501 2824 sic
519 2768 698 2841 intelligere,
714 2758 852 2838 quatiam·
866 2763 987 2826 illorum
1009 2765 1115 2838 sapius
1136 2777 1187 2821 aut
1206 2766 1322 2836 rarius,

314 2880 366 2926 aut
381 2887 534 2942 nunquam
544 2882 609 2923 cum
619 2864 727 2921 harum
736 2864 879 2920 utrolibet
892 2883 999 2939 genere
1010 2862 1184 2941 iungantur.
1197 2865 1325 2921 Memini

293 2986 433 3044 Nquoquc
447 2968 509 3040 jam
529 2981 613 3037 tum,
628 2977 661 3021 ut
672 2965 814 3038 juventus
827 2966 933 3035 audet,
947 2967 994 3020 vel
1011 2965 1048 3020 de
1060 2966 1186 3022 maxime
1202 2965 1328 3038 arduis,

296 3076 299 3083 ’
314 3081 344 3125 et
361 3069 464 3124 labore
479 3066 659 3141 plenissimis
673 3060 763 3122 rebus
779 3060 974 3141 cogitationes
992 3064 1154 3138 suscipere,
1176 3083 1239 3121 non
1257 3066 1325 3122 des*

314 3185 434 3242 parasse
449 3185 511 3235 me,
534 3166 625 3239 quin,
644 3165 668 3220 si
687 3166 861 3222 diuturnum
887 3164 958 3221 olim
980 3164 1105 3221 daretur
1125 3163 1236 3234 otium,
1255 3183 1324 3222 oum

317 3278 421 3323 caetera
433 3286 500 3339 quae
511 3265 573 3321 dixi
585 3267 617 3320 in
631 3268 827 3342 Sepulchreto
839 3265 1016 3334 desiderari,
1031 3264 1147 3339 aliaque
1160 3274 1323 3339 praeterea,

318 3379 381 3422 tum
392 3366 555 3441 praesertim
570 3367 653 3441 quod
665 3368 703 3423 ad
720 3350 834 3424 indices
847 3377 973 3441 spectat,
989 3375 1017 3422 et
1031 3383 1091 3439 qua
1106 3364 1238 3433 ratione,
1254 3382 1328 3438 sup·

297 3509 299 3521 .
317 3468 445 3541 plenem,
456 3466 518 3521 imo
532 3467 694 3542 cogitatum
708 3465 765 3523 boc
776 3487 875 3525 meum
887 3464 1072 3539 cum-inclyta
1082 3465 1231 3538 illaquam
1242 3481 1325 3520 nunc

316 3566 450 3625 Instituti
461 3567 651 3625 scientiarum
665 3578 791 3637 vocant,
807 3565 969 3624 Academia
979 3563 1221 3621 communicasse.

359 3707 387 3758 7.
403 3687 470 3743 Alia
487 3700 585 3744 autem
605 3678 685 3762 qua,
701 3700 736 3743 ut
757 3688 848 3744 modo
869 3687 1050 3755 iunuebam,
1075 3685 1108 3739 in
1128 3685 1325 3760 Sepulcbreto

317 3797 461 3862 praeterea
484 3786 705 3858 desiderantur,
730 3789 791 3845 fere
818 3789 857 3844 ad
882 3786 995 3844 scholia
1018 3785 1154 3842 attinent.
1186 3787 1326 3855 Quorum

318 3891 412 3944 multa
429 3906 491 3946 esse
512 3906 596 3962 aequo
611 3888 770 3965 longiora,
790 3906 852 3944 non
871 3888 1062 3957 dubitabam
1081 3886 1133 3942 sed
1151 3895 1236 3941 tanto
1260 3886 1328 3941 lon-

320 3988 405 4063 giora
419 3986 529 4060 rideri,
544 3989 626 4065 quod
642 4004 718 4065 saepe
729 3990 884 4049 utiliorum
895 3990 964 4046 loco
978 3994 1030 4044 aut
1047 3986 1146 4045 minus
1156 3984 1261 4057 utilia,
1278 3994 1331 4041 aut
