2774 4666
321 437 387 510 190
476 438 522 483 DE
549 434 693 483 SEDIBUS
718 434 761 482 ET
786 435 910 482 causts
935 434 1145 481 MORBORUM

316 566 498 647 quantum
523 550 707 648 inspicere
727 549 854 647 potui,
873 572 959 620 vasa
985 547 1195 620 secundum
1214 563 1307 618 natu-

313 692 394 738 ram
408 666 659 749 sehabehant.

364 812 418 883 27.
442 790 594 857 Menon
611 784 795 884 praeterit,
814 767 1061 883 videriposse
1081 783 1151 854 tibi
1173 781 1220 852 ad
1236 804 1306 877 syn·

242 974 244 978 ,
312 930 448 1003 copem
461 901 615 976 fortasse
628 904 755 1001 potius
766 926 879 1001 quam
890 902 937 974 ad
948 900 1306 1000 apoplexiam,h1isse

312 1022 409 1093 hanc
435 1037 596 1093 mortem
620 1018 874 1109 referendam,
908 1020 1091 1118 spectanti
1120 1018 1304 1102 videllcet,

310 1151 445 1234 praeter
458 1135 572 1232 hujus
591 1134 841 1221 celeritatem,
858 1147 939 1203 tum
953 1134 1085 1224 citam,
1100 1138 1162 1207 vel
1178 1162 1220 1207 ea
1228 1151 1305 1206 tem·

311 1268 474 1350 pestate,
490 1268 526 1324 et
538 1254 707 1338 inlecto,
728 1251 1069 1352 refrigerationem,
1085 1271 1169 1327 tum
1184 1280 1262 1353 quoe
1272 1256 1304 1322 in

311 1370 425 1441 corde
444 1370 620 1443 adnotata
642 1386 737 1443 sunt.
766 1376 929 1460 Verum,
955 1385 995 1441 ut
1021 1372 1067 1442 ab
1094 1372 1155 1445 his
1177 1373 1304 1444 ultimis
1366 1384 1367 1419 l

309 1490 554 1587 incipiamus,
569 1502 681 1585 atque
699 1514 784 1560 cnm
801 1504 904 1560 tanta
916 1489 980 1559 illa
995 1491 1189 1587 sanguinis
1209 1489 1302 1587 copia
1366 1500 1367 1539 ἑ

311 1632 392 1703 quae
420 1609 518 1677 intra
545 1609 715 1677 cranium
743 1608 895 1677 inventa
927 1622 1002 1695 est,
1032 1612 1300 1706 comparemus,
1366 1620 1367 1659 Ξ

309 1723 368 1795 his
394 1749 482 1795 sane
510 1724 634 1795 cordis
657 1724 755 1794 vitiis
785 1748 867 1820 quae
891 1726 1059 1821 exposita
1077 1727 1188 1815 sunt,
1214 1720 1300 1795 haud
1366 1740 1367 1778 l

308 1866 394 1913 raro
414 1842 667 1939 conspicimus
693 1841 887 1938 aliquanto
907 1844 1050 1937 majora
1075 1844 1116 1912 in
1138 1844 1184 1915 iis
1204 1843 1301 1914 etiam
1366 1886 1367 1893 κ

309 1962 348 2028 in
369 1958 509 2055 quibus
529 1983 577 2028 nc
602 1958 693 2028 levis
710 1956 865 2053 quidem
891 1960 1023 2028 animae
1044 1956 1205 2057 defectio
1219 2012 1229 2046 ,
1244 1980 1299 2026 ne·
1366 2008 1367 2015 κ

309 2076 400 2147 dum
430 2074 757 2147 vehementissima
786 2097 971 2173 syncope.
996 2075 1186 2158 acciderit.
1211 2074 1299 2144 Illius
1361 2094 1366 2133 :

308 2193 413 2267 modi
435 2209 561 2266 autem
593 2195 824 2267 abundantia
848 2197 1041 2293 sanguinis
1067 2197 1168 2269 intra
1193 2193 1298 2268 calva·
1362 2214 1367 2255 t

308 2316 421 2403 riam,
455 2316 637 2412 quoniam
664 2318 703 2386 in
740 2314 847 2386 nullo
874 2331 1054 2413 praeterea
1077 2314 1160 2387 alio‘
1178 2313 1297 2385 vidisse
1363 2330 1367 2374 l

265 2421 268 2428 ¹
306 2433 483 2522 memini,
500 2432 598 2505 effici
618 2435 873 2532 apoplexiam,
892 2449 928 2504 et
938 2434 1103 2505 Galenus
1116 2428 1264 2524 docuit(
1285 2442 1297 2522 )
1361 2450 1367 2493 t

307 2551 378 2621 hoc
386 2566 505 2650 pacto
516 2552 743 2649 apoplexias
752 2557 970 2649 provenire,
992 2551 1163 2624 scribens
1174 2543 1295 2639 ,multo
1359 2566 1367 2638 l

307 2674 478 2739 nimirum
496 2674 677 2765 sangnine
695 2675 732 2738 in
744 2672 977 2767 principium
1002 2673 1205 2741 animantis
1224 2680 1296 2735 con·
1363 2686 1367 2756 t,

294 2787 428 2876 sertim
441 2793 619 2874 irruente,
638 2810 708 2856 nec
724 2789 856 2857 Petrus
866 2786 983 2857 Salius
995 2785 1050 2884 (2)
1069 2788 1136 2884 qui
1157 2786 1204 2857 de
1220 2790 1295 2878 a‘po·
1359 2806 1367 2847 ‘t

303 2903 427 3002 plenia
440 2930 461 2976 a
476 2905 655 3001 sanguine
667 2904 813 3001 primus
824 2959 834 2981 ,
846 2918 891 2974 ut
902 2903 1160 3002 superioribus
1179 2896 1296 2972 litteris
1360 2932 1364 2941 ·

302 3022 357 3120 (3)
378 3023 606 3110 memoravi,
626 3023 816 3119 peculiare
831 3037 945 3119 caput
968 3022 1214 3119 conscripsit,
1232 3013 1299 3114 lert
1359 3036 1367 3110 'p

303 3141 411 3211 aliter
427 3138 639 3229 ltaucfieri,
658 3139 863 3226 intellexit,
882 3162 997 3235 quam
1017 3163 1066 3208 ex
1082 3136 1226 3209 cerebri
1241 3148 1293 3202 re·
1357 3165 1367 3203 <t

305 3283 461 3345 narum,
476 3241 727 3344 anemurum,
746 3263 968 3353 sinunmque
986 3260 1101 3326 nt'rnia
1118 3248 1293 3349 sanguinii
1355 3270 1367 3321 ³:

303 3376 527 3474 repletione,
546 3378 650 3472 cnjus
665 3379 812 3445 ratione
816 3364 933 3464 sacto
960 3378 1183 3471 constipatio
1201 3384 1292 3439 cons·
1358 3395 1367 3441 t

305 3500 466 3581 trictior,
501 3492 600 3565 unde
627 3498 823 3590 spirituum
855 3516 932 3561 non
958 3506 1103 3561 tantum
1131 3489 1290 3560 transitus
1357 3512 1365 3553 r

276 3862 283 3875 ,
341 3798 385 3877 (1)
405 3784 474 3856 vid.
490 3798 570 3874 apud
585 3797 698 3890 Salium
715 3797 751 3853 de
766 3795 995 3871 Affectpartie.
1014 3814 1038 3851 c.
1056 3814 1084 3850 a.
1118 3827 1122 3832 ·

342 3898 483 3975 (tnd-
1202 3904 1206 3911 ·

343 3921 386 4078 (l)
406 4001 445 4056 n.
466 4019 492 4093 t.
