2774 4666
311 413 381 494 alo
476 428 523 473 nr
549 424 693 473 santans
717 426 761 471 ar
786 424 909 471 causis
935 425 1143 473 nonnosum

310 558 353 613 ut
366 538 425 628 lit,
443 540 599 613 venitin
617 544 789 631 mentem¹
806 537 1039 619 dissertionis
1055 539 1207 612 alterius
1220 540 1298 627 riri,

311 682 424 757 quam
448 656 572 753 aliqua
596 682 640 726 ex
663 670 766 753 parte
791 680 870 727 non
899 656 1117 728 dissimilem
1132 659 1298 727 Bononia
1372 668 1374 691 ³

310 792 396 859 ante
408 762 521 857 duos,
536 788 653 845 tresve
664 773 747 844 illos
757 798 877 844 annos
886 772 1093 859 habueram
1102 828 1113 870 ,
1130 789 1298 872 praesente

312 893 413 965 claro
428 894 509 962 viro
525 889 665 962 Jacobo
687 890 958 962 bartholomaeo
983 893 1180 980 Beccario,
1209 916 1299 962 nune

311 1011 350 1080 in
361 1009 588 1080 Bononiensi
600 1023 679 1076 tum
696 1008 909 1103 gymnasio,
925 1021 1006 1077 tum
1017 1009 1300 1105 InstitutiScieu·
1318 1075 1320 1078 Α

268 1125 272 1129 “
305 1127 446 1203 «1133333
461 1124 657 1196 Academia
676 1120 899 1220 professore,
917 1125 994 1194 imo
1017 1124 1131 1220 hujus
1156 1125 1300 1223 praeside

311 1242 569 1327 meritissime,
595 1254 818 1315 consecante
844 1255 970 1310 autem
996 1241 1147 1313 medico
1174 1243 1301 1340 pariter

311 1357 630 1456 experientissimo
646 1357 836 1427 Heraclito
852 1355 1086 1446 Manfredio,
1106 1361 1175 1456 qui
1190 1360 1228 1428 in
1243 1383 1301 1431 no·

312 1476 479 1549 socomio
494 1478 526 1544 S.
546 1456 669 1544 Mariae
684 1473 730 1543 de
745 1489 866 1553 morte
878 1499 1030 1547 summa
1045 1475 1256 1573 diligentia,
1267 1499 1300 1545 ac

309 1594 393 1690 pari
409 1592 519 1669 laude
532 1592 733 1663 assistentis
750 1592 885 1664 medici
896 1618 1035 1689 munus
1047 1608 1140 1663 tunc
1150 1593 1299 1691 gerebat.

361 1708 478 1779 Simul
495 1734 540 1780 eo
558 1724 728 1805 tempore
745 1733 815 1806 pro
830 1711 1025 1780 communi
1035 1708 1231 1781 medicina
1241 1723 1302 1782 stu·

314 1827 396 1913 dio,
412 1842 449 1897 et
466 1841 599 1897 mutuo
618 1828 716 1897 inter
742 1849 813 1896 nos
836 1820 963 1897 amor‘e
981 1834 1205 1924 aegrotimtes
1221 1829 1302 1899 vise·
1330 1916 1334 1925 ¹

313 1942 467 2035 bamus,
484 1941 595 2014 simul
611 1967 694 2037 quae
710 1942 749 2011 in
765 1957 1004 2012 mortuorum
1023 1943 1247 2040 corporibus
1260 1943 1301 2011 vi·

307 2063 364 2132 tia
396 2062 574 2147 laterent,
600 2057 880 2155 quaerebamus3
903 2075 946 2130 ut
971 2061 1010 2128 in
1035 2059 1218 2156 omnibus
1237 2057 1301 2131 fere

314 2185 409 2273 q‘uas
426 2201 448 2246 a
465 2201 524 2247 me
541 2177 581 2246 in
599 2200 644 2246 eo
661 2177 882 2263 nosocomio
894 2176 1092 2264 ,adnotatas
1106 2200 1187 2248 esse
1203 2177 1303 2248 histo·

313 2295 386 2367 rias
402 2292 504 2381 dice,
517 2290 743 2399 velimxduos
757 2292 841 2365 illos
860 2308 1075 2390 praestantes
1091 2295 1195 2369 viros
1209 2293 1302 2365 labo-

313 2434 399 2479 rum
420 2430 605 2482 meorum·
629 2433 709 2479 non
738 2424 853 2481 testes
877 2408 1011 2498 modo,
1035 2409 1101 2481 sed
1127 2424 1165 2481 et
1196 2411 1304 2482 socios

255 2601 258 2607 ,
313 2523 423 2600 fuisse
437 2582 447 2615 ,
462 2528 655 2626 intelligas.
1160 2507 1197 2559 N

309 2634 321 2714 s
363 2647 419 2718 26.
451 2646 623 2745 Agricola
662 2668 782 2716 annos
816 2644 862 2716 ad
898 2646 1145 2745 quadraginta
1182 2663 1304 2739 natira,

312 2762 459 2862 multis,
477 2763 822 2859 acerbissimisque,
838 2762 888 2833 ob
904 2788 1016 2861 grave
1040 2761 1303 2851 infortunium,

311 2882 426 2950 animi
439 2878 788 2977 perturbationibus
802 2877 983 2967 affectus,
992 2881 1157 2977 denique
1169 2881 1239 2955 sub
1248 2880 1303 2953 iui-

309 2986 405 3067 tium
416 2999 554 3069 mensis
566 2995 778 3085 decembris
792 2998 881 3069 anni
904 2996 1006 3094 1705,
1022 2980 1068 3077 ab
1085 2998 1240 3079 ardente
1256 2994 1301 3067 fe-

310 3112 379 3184 bre
397 3129 621 3211 oocupatus,
637 3116 676 3185 in
685 3113 784 3185 illud
798 3094 902 3210 quod
916 3115 1030 3195 modo
1046 3113 1123 3197 dixi
1136 3169 1145 3202 ,
1160 3128 1303 3188 nosoco

305 3232 429 3313 ,mium
446 3245 619 3327 receptus
635 3227 766 3307 fuerat.
783 3234 868 3305 Post
878 3231 1023 3327 aliquot
1032 3230 1112 3305 dies
1127 3234 1248 3320 calor,
1272 3244 1303 3302 et

311 3347 447 3442 lingua³
471 3349 613 3451 εἰεοψε
635 3372 713 3418 sese
732 3350 922 3425 remittere
937 3351 1021 3419 visa
1032 3365 1140 3421 sunt.
1150 3354 1302 3465 Cpntra,

310 3466 452 3535 arteriae
466 3491 576 3561 ,quae
595 3464 670 3535 ab
662 3466 769 3535 initio
788 3466 920 3539 molles
944 3463 1111 3554 scierant,
1133 3483 1171 3537 et
1189 3428 1302 3557 aliari

299 3582 349 3669 ,in
373 3582 453 3654 aliis
476 3582 755 3680 pulsationibus
775 3607 813 3653 sa
840 3583 1081 3672 attollebant,
1108 3585 1169 3657 vel
1196 3584 1301 3680 magis

309 3699 540 3794 inaequaliter
554 3698 814 3769 movebantur.
838 3706 933 3781 Ante
956 3699 1056 3771 diem
1074 3704 1159 3797 XVl
1173 3699 1244 3772 kal.
1257 3702 1304 3794 ja·

274 3874 278 3881 x
309 3818 459 3889 nuarias
472 3842 580 3888 mane
594 3818 725 3914 pulsus
744 3834 851 3890 erant
867 3819 1038 3914 pejoreS,
1055 3833 1169 3915 atque
1184 3817 1300 3889 bumi-

309 3932 430 4007 liores.
443 3934 571 4020 Oculi,
586 3936 690 4033 quod
701 3939 800 4008 inter
808 3938 913 4007 initia
923 3952 1079 4034 quoque
1088 3937 1301 4021 adnotatum
1328 4032 1330 4043 Ι
