2798 4668
220 481 288 529 ιη.
315 479 340 529 1.
368 480 415 527 nr
440 479 575 527 uoums
589 458 755 543 'enr1r1s,
780 479 890 529 nrrsr.
917 481 967 526 xr.
1027 454 1097 554 549

92 610 250 675 nentem
270 622 277 665 :
298 616 514 725 quanquam
534 593 587 664 ibi
603 593 718 664 malui
735 593 993 690 apostematis,
1014 592 1097 665 abs·

93 736 267 786 cessusve
286 712 439 783 nomine
464 709 682 808 complecti,
702 734 788 781 curu
806 710 926 782 videri
927 722 1099 809 possent

92 831 161 900 illa
174 829 328 949 quidem
346 827 412 899 ab
404 842 499 914 ictu,
516 823 594 898 haec¹
608 852 698 942 vero
714 827 760 899 ab
775 827 837 899 lue
848 852 1008 899 venerea
1020 852 1101 900 sen·

94 948 167 1017 sim
188 910 409 1044 productae:
427 946 508 1042 quai
533 969 613 1031 res,
640 970 689 1015 ne
718 944 764 1016 de
792 945 986 1042 utriusque
1011 945 1099 1018 sede

7 1058 9 1097 ἶ
93 1060 307 1161 quidquam
327 1063 517 1151 dieamus,
534 1059 690 1135 fortasse
712 1059 816 1150 fecit,
836 1078 885 1133 ne
902 1062 949 1133 ad
970 1078 1102 1133 caetera

7 1208 8 1215 ¹
93 1178 337 1252 incommoda
349 1181 545 1278 apoplexia
558 1180 775 1268 accesserit,
795 1195 858 1251 aut
875 1195 1024 1253 artuum
1041 1205 1102 1252 re-

7 1294 9 1335 ⁵
93 1297 263 1373 solutio:
285 1324 367 1395 quae
386 1298 583 1395 nequead
610 1299 833 1396 vertiginem
856 1297 962 1368 vituli
980 1320 1102 1369 acces-

93 1418 187 1488 sisse
215 1415 392 1514 legimus,
418 1416 524 1512 eujus
551 1416 591 1487 in
614 1414 760 1487 cerebri
785 1418 865 1514 ipsa
895 1415 1104 1489 substantia

7 1624 8 1635 ἵ
91 1548 175 1605 tres
191 1531 406 1631 hydatides,
432 1533 494 1603 ovi
516 1530 724 1605 columbini
741 1530 1015 1629 magnitudine,
1034 1531 1105 1602 hu·

7 1650 11 1692 ²
94 1675 206 1722 more
218 1648 525 1747 limpidoplenas
537 1647 789 1747 deprehendit
803 1647 1098 1745 Brunnerus(1).

92 1774 235 1841 Tamen
253 1766 357 1866 quod
375 1769 527 1856 sensim,
551 1783 587 1839 et
607 1766 654 1838 ab
674 1791 758 1839 sero
781 1769 898 1864 magis
922 1792 1036 1864 quarn
1053 1766 1102 1837 ab

93 1887 310 1987 sanguine,¹
327 1909 493 1956 cavernae
513 1868 688 1984 *quaedam
713 1884 993 1982 producantur,
1020 1900 1102 1955 non

94 2004 185 2075 ideo
203 2028 247 2074 ex
257 2004 392 2090 erosis,
403 2017 467 2073 aut
486 2027 531 2073 ex
548 2001 727 2100 disruptis
743 2002 982 2073 vasculorum
1000 2025 1103 2074 cere·

7 2120 13 2167 Γ
93 2121 159 2194 bri
171 2118 307 2192 tunicis
326 2117 408 2189 fieri
420 2144 498 2189 non
509 2134 673 2216 possent.
693 2122 776 2190 Irno
787 2136 965 2217 possunt,
986 2119 1102 2191 modo

94 2239 190 2311 levis
209 2237 304 2309 adeo
321 2238 367 2309 sit
383 2238 505 2307 erosio
524 2236 604 2324 itta,
630 2252 695 2308 aut
711 2236 918 2335 disruptio,
941 2251 983 2308 ut
1000 2238 1103 2313 lente

7 2364 9 2367 ’
96 2342 254 2428 exsudet
276 2355 401 2453 potius
420 2346 534 2449 quam
553 2368 724 2451 erumpat
744 2355 933 2452 sanguinis
957 2355 1104 2451 portio,

7 2518 9 2523 <
95 2497 217 2570 eaque
233 2496 356 2544 serosa
368 2471 484 2568 magis
503 2494 617 2565 quam
636 2494 756 2541 crassa
774 2470 902 2566 :quod
921 2467 1007 2541 facit
1020 2494 1105 2541 san-

7 2602 10 2641 :
97 2589 224 2688 guinis
250 2588 368 2687 ipsius
394 2589 434 2657 in
460 2574 944 2685 quibusdamcorporibus'
970 2602 1104 2658 natura

7 2728 9 2757 ⁷
93 2708 216 2803 magis
228 2713 381 2801 aquosa,
398 2706 505 2801 copia
518 2705 659 2791 minor,
674 2717 800 2774 motus
814 2702 1102 2801 segnior.'Quod

7 2840 9 2875 r
94 2827 128 2897 si
146 2824 204 2894 hae
221 2847 385 2894 cavernae
411 2822 716 2920 disrumpantur:
747 2847 827 2891 non
850 2820 970 2892 multo
997 2845 1104 2892 secus

7 2964 8 2967 ’
98 2940 231 3012 acillae
248 2966 331 3037 quae
355 2939 547 3038 sanguinis
564 2939 787 3036 plenaesunt
804 2937 984 3035 (a),nihil
1003 2937 1105 3008 aliud
1205 2948 1209 2951 “

99 3083 216 3157 quam
241 3058 368 3129 ulcera
393 3055 523 3145 fuisse,
546 3058 586 3126 in
609 3053 852 3127 cadaveribus
876 3054 995 3126 videri
1016 3080 1106 3153 pos·

100 3192 189 3250 sunt
207 3175 347 3272 :idque
375 3176 414 3246 in
443 3200 511 3263 eo,
532 3175 598 3271 qui
621 3173 794 3272 supra(3)
812 3172 1023 3272 descriptus
1036 3188 1106 3263 est,

99 3293 275 3367 secundo
289 3318 376 3365 sene
399 3291 550 3380 accidit,
573 3308 616 3364 ut
634 3293 790 3390 opinor,
809 3290 911 3363 unde
934 3316 1032 3388 aqua
1048 3292 1109 3361 in-

100 3409 200 3485 fecta
216 3413 261 3485 sit
278 3412 451 3511 aeruginis
470 3410 609 3482 colore.
629 3412 725 3481 Nam
741 3409 781 3478 in
798 3409 923 3506 primo
944 3406 1000 3507 (4)
1020 3407 1107 3478 flui-
