2862 4668
298 496 341 545 ,ta
610 496 846 548 HISTORIA
874 498 993 547 vm

296 633 377 680 non
395 605 623 683 dubitaverit
642 611 914 712 pronunciare,
937 608 1033 684 niail
1051 594 1193 684 babere
1213 635 1305 684 ana-

297 741 447 816 tomen,
463 727 567 825 quod
586 753 670 801 cum
691 731 766 802 illis
785 729 966 829 operibus
986 725 1151 815 conferri
1171 729 1299 827 possit.

297 843 685 944 Ruyschiusquoque,
698 845 960 937 Boerhaavius,
973 847 1305 935 Heisterus,Wins·

297 959 439 1050 lovius,
457 961 723 1051 Schroeckius,
737 961 1005 1053 Hoffmannus,
1016 968 1195 1052 Vaterus,
1209 965 1305 1033 Mea-

298 1077 399 1167 dius,
417 1079 653 1170 Goelickius,
667 1080 895 1169 Waltherus,
913 1084 1097 1166 Senacus,
1117 1077 1305 1152 Cockbur·

298 1196 406 1284 nius,
440 1199 643 1285 Guntzius,
673 1196 877 1295 Meckelius
910 1196 990 1267 haec
1021 1195 1152 1268 eadem
1185 1219 1305 1293 opera

297 1314 472 1387 laudibus
500 1316 547 1388 ad
567 1318 703 1388 coelum
725 1317 962 1404 extulerunt,
981 1331 1019 1387 et
1038 1342 1083 1387 ex
1107 1316 1153 1388 iis
1176 1315 1216 1384 in
1237 1322 1305 1388 sna

296 1433 437 1531 scripta
453 1434 572 1507 multa
587 1433 860 1506 transtulerunt
873 1447 1104 1505 ornamenta.
1124 1436 1245 1529 Atque
1261 1433 1303 1502 in

296 1545 359 1619 his
378 1547 484 1622 libris
501 1548 766 1639 conficiendis,
786 1549 878 1622 dum
904 1548 1122 1621 elaborabat
1143 1554 1310 1621 Monea-

298 1689 412 1756 crtus,
431 1667 681 1741 nibilominus
699 1665 824 1740 officia
845 1646 911 1739 sua
929 1665 1127 1766 praestabat
1142 1681 1207 1738 aut
1225 1681 1305 1738 stu»-

299 1781 413 1857 diosae
425 1784 632 1878 juventuti,
646 1809 730 1882 quae
743 1783 899 1855 domum
922 1787 1001 1880 ejus
1018 1800 1198 1883 tanquam
1218 1781 1303 1855 offi-

299 1899 424 1971 cinam
453 1901 642 2000 sapientiae
670 1898 951 2000 frequentabat,
975 1917 1039 1974 aut
1064 1902 1212 1991 amicis,
1238 1901 1306 2001 qui

295 2012 484 2112 judicium
502 2018 778 2118 consiliumque
796 2024 903 2092 suum
916 2045 1020 2123 saepe
1040 2017 1306 2118 exquirebant,

303 2154 389 2204 cum
410 2135 450 2205 in
469 2135 514 2207 iis
534 2161 617 2233 quae
641 2137 688 2208 ad
714 2137 984 2228 eruditionem,
1005 2152 1086 2210 tum
1106 2137 1147 2206 in
1160 2137 1309 2233 iis'prae·

266 2283 268 2290 ⁴
300 2254 430 2323 sertim
441 2278 523 2350 quae
534 2252 581 2324 ad
594 2278 675 2325 rem
686 2256 1125 2350 medicam‚caeterasque
1135 2251 1309 2351 physicas

298 2364 493 2441 facultates
518 2371 727 2468 pertinent,
753 2358 818 2443 aut
849 2372 1047 2457 Germanis
1080 2370 1146 2466 qui
1169 2369 1306 2439 Patavii

300 2481 393 2557 dant
418 2510 574 2584 operam
592 2485 864 2586 philosophiae,
889 2484 1084 2557 medicinae
1107 2510 1151 2557 ac
1177 2508 1306 2557 rerum

300 2598 515 2674 divinarum
535 2603 716 2690 scientiae,
735 2627 820 2675 cum
849 2627 981 2673 eorum
1002 2618 1184 2701 patronus
1205 2625 1307 2674 anno

305 2717 398 2816 1715
418 2718 559 2791 electus
574 2716 697 2789 luerit.
720 2719 785 2790 His
802 2720 1006 2817 persuasit,
1025 2735 1069 2792 ut
1095 2718 1168 2792 sibi
1187 2717 1305 2790 aedem

302 2837 521 2908 emerentin
535 2858 609 2933 qua
620 2858 752 2905 eorum
771 2830 1003 2909 bibliotheca
1012 2837 1130 2908 tutius
1141 2838 1182 2906 in
1193 2859 1307 2909 omne

300 2966 691 3052 tempusservaretur
718 2968 755 3024 et
781 2952 836 3023 illi
856 2967 1017 3027 tractare
1045 2953 1169 3027 solent
1188 2952 1235 3026 de
1259 2952 1306 3025 iis

301 3068 415 3142 rebus
426 3092 519 3165 quas
532 3068 631 3139 inter
641 3094 679 3140 se
689 3092 910 3143 communes
920 3068 1073 3143 habent.
1085 3073 1168 3162 Qua
1178 3085 1306 3170 empta

301 3182 382 3255 haec
412 3184 454 3253 in
481 3184 655 3280 ingressu
683 3182 798 3256 iidem
829 3187 1106 3285 inscripserunt
1129 3187 1308 3280 :Inclyta

205 3335 207 3341 ’
281 3306 422 3374 Natio
453 3306 675 3373 Gemanica
698 3306 782 3374 DD.
812 3308 1072 3393 Artistarum,
1103 3293 1307 3402 offerente

259 3415 562 3489 nliberalissimo
606 3423 822 3492 Protectore
861 3420 932 3492 Cel.
973 3428 1057 3495 viro
1097 3425 1154 3492 Jo.
1193 3426 1304 3518 Bapt.

302 3538 522 3609 Moncacuo
538 3539 580 3604 P.
598 3540 640 3605 P.
659 3541 702 3606 P.
721 3537 791 3607 bas
814 3539 886 3609 sibi
902 3543 992 3608 emit
1008 3537 1109 3610 cedes
1119 3592 1131 3626 ,
1155 3554 1220 3609 etc.
1244 3538 1308 3612 stc*

304 3676 391 3723 cum
405 3655 642 3731 Moncacuus
654 3679 791 3753 magno
804 3654 999 3729 inhonore
1007 3656 1144 3728 Patavii
1152 3656 1307 3744 viveret,

306 3768 448 3842 electus
463 3785 546 3842 esta
557 3786 688 3848 senatu
706 3777 871 3864 Venet0,
892 3775 1046 3846 ineunte
1063 3756 1211 3845 octobri
1227 3795 1307 3844 me-

304 3887 561 3978 moratianni,
574 3888 621 3960 ad
637 3889 859 3966 tradendam
871 3893 911 3964 in
925 3891 1007 3988 ejus
1021 3889 1179 3967 civitatis
1195 3893 1308 3986 Gym-

302 4006 408 4081 nasio
427 4020 639 4084 anatomen.
657 4002 659 4007 ’
