2774 4670
151 478 212 526 mn
240 479 264 526 1.
292 478 339 526 nn
363 474 499 527 montis
523 473 678 541 carrrrs,
703 474 812 524 nersr.
840 476 920 525 viu.
973 450 1042 539 453

68 573 216 669 proxime
236 574 352 671 ipsam
375 572 608 660 extenditur,
629 574 674 642 sit
689 573 813 642 minus
827 584 864 641 et
875 584 1044 656 acutum,

69 703 98 759 et
113 690 281 787 longum,
307 690 495 787 posterius
518 714 597 760 non
616 687 731 761 modo
750 688 887 760 sensim
908 687 1047 783 magis,

67 807 241 902 magisque
258 831 296 878 se
309 806 516 891 contrahit,
534 806 598 877 sed
611 806 677 877 ubi
687 831 766 877 non
776 806 825 874 ita
839 803 953 875 breve
965 827 1047 900 spa·

67 923 146 992 tium
163 947 354 994 emensum
378 936 450 1007 est,
473 924 628 1020 repente
650 925 688 991 in
713 920 820 992 filum
846 919 923 990 abit
943 921 1050 1015 quasi

65 1040 267 1111 tendineum
278 1036 499 1137 ,'pertenue,
514 1054 551 1109 et
563 1038 747 1127 albicans,
760 1037 864 1135 quod
880 1036 1054 1135 corporis

65 1155 152 1225 unde
172 1156 330 1255 prodiit,
357 1155 632 1254 longitudinem
655 1181 749 1254 saepe
769 1180 939 1253 aequans,
963 1178 1051 1224 raro

66 1274 256 1361 caminus,
274 1299 352 1345 uon
370 1266 457 1344 raro
476 1275 618 1369 majus,
639 1290 675 1346 et
693 1275 825 1363 semel,
845 1275 874 1345 si
891 1298 969 1344 non
986 1273 1054 1345 tri-

64 1389 176 1484 plum,
193 1407 230 1462 at
247 1407 346 1463 certe
371 1392 456 1491 plus
475 1417 589 1488 quam
609 1392 771 1491 duplum
790 1416 810 1463 a
830 1416 890 1463 me
917 1390 1052 1487 depre-

63 1503 227 1597 bensum,⁴
239 1530 308 1607 per
320 1508 486 1580 medium
504 1509 598 1580 illud
614 1511 873 1582 musculorum
884 1509 950 1606 qui
963 1507 1062 1581 hinc,
1145 1531 1147 1535 ·

64 1625 184 1697 ethinc
202 1625 271 1699 sub
283 1612 409 1726 lingua
421 1622 659 1724 prominent,
677 1628 916 1699 interstitium
932 1625 1056 1723 pergit

63 1739 102 1810 ad
116 1738 342 1840 posteriora,
360 1743 432 1814 alte
449 1744 649 1816 interillos
672 1769 712 1815 se
727 1743 906 1816 condens.
927 1748 971 1813 In
993 1726 1055 1814 eo*-

65 1854 282 1930 domantem
300 1860 500 1930 interstitio
522 1860 569 1931 ad
594 1863 780 1933 anteriora
806 1860 993 1960 producto
1019 1872 1057 1929 ct

62 1969 239 2069 posterius
255 1994 486 2068 extremum,
516 1993 553 2049 et
578 2004 715 2079 corpus
744 1982 934 2076 reliquum
958 1977 1057 2079 loca-

62 2105 131 2162 tum
146 2110 215 2182 est,
232 2095 298 2166 sed
315 2086 389 2167 hoc
407 2110 512 2167 tanto
529 2100 708 2186 exterius,
726 2113 768 2168 ut
787 2098 922 2194 linguae
941 2119 1058 2165 mem-

61 2205 207 2288 branam
225 2213 344 2308 ipsam
365 2214 856 2315 contingatrprotuberans,
872 2237 942 2311 per
959 2236 1057 2283 eam-

61 2350 126 2421 que
135 2330 411 2426 transpiciatur.
430 2334 512 2421 Que
525 2330 592 2402 ubi
602 2332 733 2403 leviter
741 2332 876 2419 incisa,
896 2345 932 2400 et
948 2328 1058 2400 simul
1124 2370 1132 2383 ,

61 2466 139 2514 cum
152 2447 197 2519 iis
209 2446 361 2519 duobus
372 2450 550 2520 musculis
563 2451 614 2521 sic
625 2440 711 2520 satis
726 2448 878 2520 diducta
895 2461 966 2534 est,
978 2460 1059 2517 tum

59 2584 142 2633 vero
157 2564 255 2635 illud
266 2564 463 2660 cujusdam
475 2565 651 2636 lumbrici
660 2567 776 2636 instar
786 2578 959 2662 apparet3
972 2587 1060 2633 nam

59 2678 102 2749 ad
119 2678 279 2780 liguram
297 2681 448 2768 albed0,
466 2697 502 2753 et
513 2682 650 2753 laevitas
661 2668 862 2753 accedunt.v
875 2685 921 2752 At
938 2682 967 2752 si
984 2681 1062 2750 cul-

59 2797 120 2882 tri,
137 2814 202 2869 aut
216 2798 422 2896 digitorum
434 2823 506 2896 ope
517 2798 564 2869 ab
578 2800 705 2895 lingua
723 2798 886 2884 dividas3
901 2797 940 2867 id
956 2796 1062 2894 quod

58 2912 160 2984 nullo
177 2916 333 3011 negotio
350 2912 407 3003 fit;
433 2915 523 2986 laeve
546 2914 700 3011 quidem
723 2940 764 2987 ea
791 2940 944 3012 qnoque
971 2911 1062 2982 facie

58 3033 244 3128 conspicis
253 3057 335 3128 quae
345 3031 484 3103 latebat
494 3087 504 3119 ,
515 3032 580 3104 sed
590 3033 791 3104 rubellum.
805 3038 937 3129 Itaque
951 3031 1065 3127 hujus
1094 3062 1096 3068 ·

57 3169 140 3241 pars
157 3150 332 3245 corporis
349 3174 431 3247 quae
445 3152 604 3221 crassior
621 3165 692 3237 est,
714 3175 759 3220 ex
783 3148 930 3221 duabus
955 3130 1066 3220 cbns-

56 3276 107 3334 tat
122 3266 344 3338 substantiis
368 3268 466 3337 inter
483 3258 530 3338 ‘se
560 3268 763 3340 arctissime
796 3269 920 3355 nexis,
951 3268 1067 3338 altera

57 3382 219 3454 candida
231 3437 242 3471 ,
253 3382 441 3455 subrubra
456 3368 589 3471 altera,
603 3399 639 3454 et
650 3409 763 3481 quam
773 3382 879 3456 facile
894 3409 1067 3456 carneam

57 3498 209 3589 credas,
230 3516 273 3571 ut
292 3500 394 3572 illam
412 3501 582 3590 alteram,
606 3525 689 3598 quae
706 3502 753 3573 ad
773 3519 937 3573 extrema
958 3503 1071 3573 etiam

55 3617 242 3710 pertinet,
260 3618 485 3690 tendineam.
505 3623 647 3690 Verum
668 3644 739 3691 uec
756 3620 902 3692 rubella
921 3646 964 3689 ex
987 3644 1067 3687 ma.-

55 3730 204 3807 nifestis
212 3732 375 3806 efficitur
386 3734 508 3823 fibris,
523 3751 560 3806 et
576 3736 735 3808 candida
746 3737 876 3808 durior
888 3752 943 3808 est
953 3759 1068 3839 quam

57 3852 266 3938 tendinea3
290 3867 333 3923 ut
362 3853 485 3924 media
501 3855 600 3925 inter
617 3855 860 3952 ligamentum
888 3869 924 3923 et
948 3851 1070 3923 tendi-

53 3990 142 4041 nem
162 3993 248 4043 esse
263 3970 458 4045 videatur:
478 3973 571 4069 quin
587 3973 711 4070 digitis
726 3988 901 4051 tractata,
917 3971 979 4040 hic
993 3968 1069 4038 illic
