2784 4668
298 430 375 528 Ιιοδ
464 454 510 503 nn
536 452 681 502 saninns
706 453 752 500 nr
776 436 900 502 cansis
924 441 1130 505 nonnointt

303 586 392 643 tuor
401 612 414 656 ‚x
422 565 672 667 expergefacti
690 568 830 638 interni
854 584 1004 657 sensns,
1027 585 1063 640 et
1085 566 1245 667 loquela
1261 567 1306 642 ad

301 687 437 758 horam
467 711 601 774 unam,
628 707 749 783 eoque
776 687 935 783 amplius
957 688 1125 759 restituta
1157 700 1227 758 est.
1246 692 1306 759 Ea·

300 804 464 902 demque
493 802 684 892 excitatio,
709 803 772 876 sed
805 794 1056 892 manifestior,
1084 816 1121 876 et
1150 803 1302 903 longius

302 931 510 1020 protracta,
528 919 655 991 eadem
672 922 778 1018 qnasi
793 920 888 992 hora
905 920 1029 992 habita
1046 935 1100 993 est
1117 937 1237 993 nocte
1253 922 1306 993 in·

301 1039 483 1135 sequenti.
510 1042 649 1110 Verum
670 1039 841 1110 excitatio
867 1037 946 1110 haec
975 1039 1181 1111 novissima
1212 1035 1302 1109 fuit:

302 1154 390 1226 inde
409 1156 509 1226 enim
523 1180 620 1253 aeger
636 1155 773 1225 sensim
790 1154 1004 1242 declinans,
1025 1154 1304 1227 etconvulsivis

300 1272 467 1344 motibus
479 1297 546 1370 per
557 1272 751 1343 intervalla
765 1288 960 1370 correptus
970 1272 1121 1343 dextera
1130 1274 1175 1341 in
1186 1258 1304 1369 parte,

300 1391 506 1488 prasertim
522 1390 561 1459 in
575 1390 671 1486 pede
691 1414 733 1461 ac
750 1414 884 1475 manu,
905 1403 941 1460 et
967 1389 1005 1459 in
1027 1402 1105 1460 tota
1122 1401 1302 1489 praeterea
1374 1468 1375 1481 χ

299 1503 415 1593 facie,
434 1508 474 1577 in
492 1507 698 1604 primisque
716 1506 764 1577 ad
781 1506 936 1594 oculos,
953 1507 991 1575 in
1007 1506 1169 1604 ipsoque
1192 1506 1299 1576 etiam

299 1619 454 1697 fortasse
467 1622 604 1710 corde;
624 1650 709 1695 nam
725 1625 856 1721 pulsus
871 1647 966 1722 saepe
980 1622 1113 1695 eodem
1130 1639 1302 1721 tempore
1374 1634 1375 1685 t

300 1743 458 1813 omnino
475 1738 671 1811 deficiebat
684 1767 693 1827 ;
712 1741 770 1812 his
783 1741 933 1814 tandem
948 1742 1044 1813 circa
1063 1742 1217 1813 initium
1231 1739 1300 1811 diei

300 1855 437 1927 decimi
454 1855 720 1947 redeuntibus,
737 1858 860 1932 vivere
873 1859 991 1932 desiit.
1121 1854 1123 1859 ’

348 1977 391 2044 In
409 1988 559 2063 ventre,
576 1991 613 2049 et
630 1968 783 2048 thorace
810 1978 961 2048 inventa
989 1991 1075 2048 sunt
1096 1975 1230 2047 omnia
1248 1997 1313 2071 se·x

201 2124 203 2127 ·
297 2087 467 2159 cundum
480 2106 652 2162 naturam
670 2088 878 2164 constituta.
894 2092 1097 2164 Cerebrum
1110 2115 1204 2164 vero
1216 2088 1296 2160 ssac-

298 2204 418 2277 cidius
438 2203 529 2278 fuit:
548 2223 584 2280 et
600 2209 644 2280 inv
659 2210 810 2281 sinistro
828 2209 982 2308 quidem
996 2209 1211 2281 ventriculo
1221 2228 1294 2278 non

297 2322 460 2397 muitum
481 2326 575 2414 seri3
592 2342 629 2397 at
644 2328 684 2395 in
703 2324 856 2398 dextero
877 2328 1006 2398 uncias
1031 2326 1123 2399 duas
1147 2324 1297 2409 habuit,

296 2451 337 2510 et
361 2438 436 2510 hoc
453 2441 634 2539 amplius,
658 2445 848 2541 sanguinis
873 2444 1068 2542 coagulati.
1088 2448 1293 2530 *Laceratus

210 2546 212 2552 ¹
297 2569 422 2627 autem
432 2556 494 2627 hic
506 2573 584 2630 erat
596 2560 728 2657 plexus
740 2560 959 2649 chornides‚
976 2576 1013 2633 et
1025 2559 1227 2631 ventriculi
1238 2579 1294 2654 pa·
1374 2544 1375 2589 ³

296 2674 410 2747 rietes
454 2676 493 2744 in
524 2676 607 2774 ipso
644 2677 759 2748 latere
792 2691 946 2749 externo
972 2676 1184 2774 posteriora
1219 2660 1293 2744 ¹ver·
1374 2664 1375 2757 Ῑ

298 2814 383 2879 SUS,
416 2792 464 2863 ad
496 2790 675 2889 profundi
707 2793 848 2865 ulceris¹
871 2793 1157 2867 similitudinem
1192 2800 1293 2865 erant
1374 2854 1375 2887 Τ

296 2910 450 2983 corrosi.
1053 2924 1059 2932 ·
1374 2998 1375 3015 ¹

261 3044 263 3051 ’
348 3050 402 3096 1o.
418 3025 527 3097 Plura
541 3027 581 3096 in
601 3028 830 3124 amplissimo
846 3026 921 3100 hoc
937 3019 1019 3099 viro
1034 3031 1290 3099 convenerunt

294 3165 377 3239 quae
397 3138 444 3210 ad
467 3142 700 3239 apoplexiam
717 3143 964 3242 disponerent
977 3132 992 3234 ‚⁵
1005 3143 1150 3233 studia,
1168 3157 1291 3242 graves
1374 3238 1375 3247 ἵ

295 3258 587 3355 occupationes,
610 3284 725 3350 curae,
758 3261 924 3334 arthritis
952 3263 1052 3360 ipsa,
1081 3286 1165 3359 qnae
1196 3275 1309 3357 sape·
1374 3292 1375 3295 ¹

283 3374 536 3462 -calculosam‚
570 3377 660 3449 alias
683 3372 1132 3478 apoplecticam'quoq'ue
1149 3389 1233 3477 post
1253 3392 1288 3442 se

291 3490 408 3565 trahit
440 3489 687 3567 affectionem.
723 3497 873 3594 Legesis
901 3498 1002 3567 inter
1036 3510 1186 3568 caeteras
1224 3483 1290 3560 viri

293 3610 495 3708 Principis,
508 3612 674 3715 itemque
687 3613 867 3715 Comitis2
876 3613 1075 3711 utriusque
1087 3601 1291 3715 podagrici,

291 3727 487 3825 utriusque
522 3729 747 3827 apoplectici
779 3728 954 3803 historias
982 3729 1059 3826 (ι),
1090 3744 1128 3801 et
1162 3733 1289 3828 praeter
1374 3728 1375 3773 ἰ

294 3871 1278 3913 unna—*w

327 3969 373 4057 (1)
393 3972 471 4051 Eph·
483 3972 522 4035 tt.
538 3972 572 4032 C.
587 3972 717 4048 Cento,
729 3972 794 4033 obt·
808 3969 876 4051 169·
909 4000 913 4016 =
