2774 4666
294 427 363 521 174
456 447 502 491 uu
529 443 674 491 sumnus
698 445 743 491 ur
767 444 890 493 cauus
917 445 1125 495 uouaoaurr

291 557 587 628 ventriculorum
617 558 838 644 cavitatem,
864 558 905 627 in
935 556 1075 630 horum
1108 562 1280 659 parietum

291 673 547 773 perforatione
555 675 773 746 resistentia.
787 678 885 747 Cum
894 670 987 747 vero
1000 676 1051 747 ob
1064 677 1162 768 haec,
1179 679 1282 751 aliare
1376 710 1377 713 ¹

291 790 502 863 istiusmodi
518 814 650 863 eorum
668 815 817 863 causam
834 794 1041 888 conjeceris
1060 819 1143 891 quae
1159 797 1283 894 primo,

292 922 329 983 et
347 907 515 979 secundo
534 907 620 980 loco
644 909 854 1006 quaerebam
881 909 928 981 de
952 912 1064 982 tertio
1089 912 1144 1010 (r)
1170 915 1285 984 minus

293 1029 365 1105 eris
381 1026 536 1101 fortasse
554 1027 759 1113 sollicitus,
777 1052 866 1099 cum
882 1030 1110 1119 attenderis,
1126 1032 1286 1103 dexteras

291 1146 491 1245 plerasque
511 1160 638 1244 partes
656 1147 830 1243 corporis
847 1170 928 1219 esse
954 1163 997 1219 ut
1019 1149 1224 1247 plurimum
1252 1151 1286 1218 in
1377 1136 1378 1193 ἒ

292 1262 543 1362 frequentiori
564 1278 672 1335 motu
694 1266 953 1353 consuevisse,
978 1288 1091 1363 quam
1110 1268 1288 1353 sinistras,
1377 1330 1378 1337 ,

292 1397 330 1457 et
346 1380 451 1478 quod
469 1383 835 1480 consequitur,vasa
859 1406 1015 1480 quoque
1044 1409 1124 1455 non
1148 1385 1288 1456 illarum
1377 1378 1378 1387 ’

293 1498 433 1588 modo,
453 1500 569 1572 sedet
586 1515 803 1573 caeterarum
822 1496 905 1598 quae
923 1525 944 1571 a
962 1500 1103 1573 dextris
1120 1517 1230 1592 sunt,
1246 1502 1290 1573 ob

294 1619 677 1707 communicationes,
699 1642 954 1691 consensusve
974 1618 1147 1691 laborare
1164 1622 1289 1719 magis,

301 1751 339 1812 et
357 1734 506 1807 dilatari
523 1735 633 1808 solita
651 1736 730 1808 esse
744 1736 802 1833 (⁴).

337 2092 382 2169 (ι)
401 2093 470 2150 Vid.
485 2104 584 2153 tamen
593 2094 689 2169 Epist.
705 2112 799 2165 11,n.
817 2113 868 2167 12,
881 2096 941 2152 imo
951 2097 1047 2171 Epist.
1060 2094 1115 2168 62,
1127 2116 1158 2151 n.
1173 2115 1201 2168 7,
1212 2114 1241 2171 9,
1256 2113 1295 2150 ιι.
1378 2124 1379 2135 1

339 2190 436 2270 (·*)1d
452 2195 535 2269 quod
550 2195 623 2253 dicit
635 2199 817 2273 Morgagnus
824 2197 1007 2272 detpartibus
1020 2197 1135 2265 cerebri
1151 2197 1184 2253 iu
1196 2197 1297 2273 quibus
1378 2178 1379 2181 Ἴ

297 2294 534 2370 frequentissime
551 2296 701 2374 sauguinis
718 2297 877 2354 effusiones
894 2298 1104 2368 inveniuntur,
1118 2296 1298 2355 dissectioni-

297 2396 354 2451 bus
367 2396 550 2452 medicorum
563 2378 763 2454 recentiorum
775 2396 984 2455 confirmatum
994 2409 1047 2454 est.
1061 2399 1204 2454 Rochoux
1219 2398 1300 2454 etiam

299 2513 333 2551 ac
347 2497 434 2551 multi
447 2497 497 2551 alii
511 2490 783 2553 animadverterunt
800 2498 906 2571 saepius
921 2516 984 2553 sese
1000 2498 1169 2555 diffundere
1185 2497 1300 2574 sangui-

299 2615 368 2652 nem
383 2596 416 2651 in
430 2597 544 2653 cerebri
558 2597 753 2653 substantiam
765 2615 854 2671 quam
867 2597 899 2652 in
912 2597 1102 2653 ventriculos.
1117 2597 1216 2668 Idem,
1231 2597 1302 2653 inter
1379 2616 1380 2623 ¹

299 2711 400 2772 partes
412 2698 540 2767 cerebri,
548 2696 804 2769 corpusstriatum
817 2696 979 2770 saepissime
987 2697 1127 2755 affectum
1139 2716 1209 2754 csse.
1226 2699 1301 2769 Quu-
1379 2688 1380 2757 l

301 2798 436 2875 draginta
463 2796 717 2872 apoplecticorum
742 2796 922 2871 corporibus
948 2798 987 2853 ab
1004 2815 1040 2854 eo
1062 2798 1180 2869 incisis,
1204 2795 1303 2876 viginti

300 2909 431 2974 quatuor
452 2898 627 2954 effusionem
648 2896 800 2973 sanguinis
816 2897 849 2953 in
868 2915 996 2972 corpore
1016 2898 1120 2955 striato
1139 2897 1302 2967 habebant,

301 2998 361 3054 duo
378 2998 411 3054 in
425 2999 556 3055 thalamo
570 2997 689 3072 optico,
706 3015 784 3054 unus
803 2997 835 3052 iu
856 3015 984 3081 corpore
1004 2998 1109 3057 striato
1129 3016 1164 3055 ac
1179 2996 1303 3056 thalamo

302 3098 403 3173 optico
418 3098 523 3168 simul,
540 3116 617 3152 unus
641 3097 696 3152 suh
714 3116 839 3174 corpore
859 3097 982 3169 striato,
1008 3099 1141 3174 quinque
1160 3099 1192 3155 in
1214 3099 1304 3156 media

300 3207 386 3272 parte
412 3193 701 3271 hemisphaeriorum,
721 3199 782 3254 duo
801 3197 833 3253 iu
854 3198 1088 3254 ventriculorum
1105 3209 1190 3273 parte
1207 3194 1304 3275 poste·

302 3297 399 3367 riore,
415 3297 476 3353 duo
490 3292 733 3372 iuhemisphaerio
746 3316 842 3372 prope
855 3310 972 3372 partem
979 3300 1126 3354 internam
1135 3316 1170 3355 ac
1177 3300 1305 3355 anterio·

303 3414 380 3466 mm,
389 3397 522 3467 tandem,
530 3415 607 3453 unus
620 3398 650 3453 in
657 3399 726 3454 lubo
732 3397 841 3453 medio.
854 3398 948 3470 Cujus
960 3398 1003 3454 rei
1010 3416 1114 3470 rausa,
1128 3409 1162 3454 ut
1174 3399 1218 3455 ait
1226 3401 1304 3455 Mor-

303 3515 424 3574 gagnus,
437 3496 623 3557 instructura
633 3497 896 3573 partiumrcsidet3
906 3498 1040 3573 corporis
1053 3499 1236 3555 euimstriati
1247 3514 1305 3554 ms·

302 3596 384 3669 jores
395 3607 464 3657 suut
476 3597 591 3655 arteriae
605 3616 694 3672 quarn
707 3598 832 3655 aliarum
843 3598 959 3654 cerebri
969 3599 1116 3673 partium,
1127 3610 1157 3655 et
1168 3616 1232 3659 uon
1245 3597 1306 3654 sub-

304 3696 406 3754 divisae
418 3698 494 3754 sicut
505 3698 625 3756 aliunde
639 3698 671 3753 iu
688 3697 827 3774 meninge
839 3698 940 3757 tenui:
956 3698 981 3754 si
999 3699 1079 3773 apud
1093 3698 1220 3772 juvenes
1233 3707 1306 3755 arte-

305 3797 352 3852 ria
365 3798 472 3854 carotis
488 3817 554 3855 cum
570 3816 677 3874 magna
688 3797 719 3851 vi
734 3796 843 3870 injecta
855 3809 915 3868 est,
931 3795 1011 3857 haud
1023 3815 1093 3853 raro
1105 3798 1267 3854 effusiones
1278 3795 1306 3849 in

304 3915 432 3974 corpore
445 3899 550 3955 striato
562 3895 747 3995 velssralamo
758 3899 860 3973 optico
872 3899 1007 3954 affluunt.
1020 3897 1155 3954 Medicus
1164 3901 1307 3954 Rocuoux

306 3998 380 4055 illud
394 4018 455 4054 non
468 3990 676 4054 animadvertit
686 3997 845 4056 effusiones
858 3998 892 4055 iu
909 4001 988 4057 latu
999 4000 1153 4057 dexterum
1172 4016 1261 4074 quam
1278 3993 1306 4049 in
