2798 4668
289 391 362 477 624
453 415 500 462 nn
527 413 672 462 sanmus
696 414 740 461 ar
766 413 890 465 causis
915 414 1127 464 normann
1179 410 1181 415 ’

291 496 481 617 siribunt,
504 525 609 599 facile
630 542 694 599 est.
716 528 781 600 His
800 529 943 600 interea
963 555 1045 626 quae
1062 531 1155 602 dare
1171 534 1287 630 potui,

291 646 416 718 uteris.
436 644 537 716 Vale.
1372 650 1373 661 ¹

347 764 400 835 16.
432 763 501 834 Vix
528 761 727 860 epistolam
756 762 1063 862 obsignaverarn‚
1093 791 1184 839 cum
1207 767 1291 838 illud

294 904 373 951 non
399 878 515 951 modo
539 905 618 950 non
642 883 828 978 speranti,
851 881 916 952 sed
935 906 1007 954 nec
1026 884 1203 981 opinanti
1221 886 1292 982 qni·

295 1000 381 1071 dem
409 995 566 1068 mirifice
588 995 724 1067 accidit
745 997 850 1092 quod
871 1023 1071 1096 nunquam
1102 1014 1232 1088 antea,
1256 1015 1295 1070 ut
1372 992 1373 1073 l

294 1115 442 1215 puerad
454 1139 514 1186 me
529 1114 675 1185 consilii
691 1138 800 1185 causa
817 1113 1033 1205 afferretur,
1045 1117 1097 1190 ob
1111 1133 1294 1189 tumorem

296 1232 343 1304 ad
370 1230 559 1304 lumbares
582 1231 775 1335 vertebras
793 1246 993 1303 extantem.
1017 1237 1121 1305 Dum
1142 1248 1296 1318 exuunt,
1372 1288 1373 1301 ,

296 1367 339 1422 ut
357 1350 572 1449 inspiciam,
590 1373 717 1446 quaero
735 1349 904 1420 valeatne
930 1349 1088 1424 artubus
1116 1350 1296 1424 inferiori·

295 1467 397 1540 bus?
417 1482 453 1538 et
469 1492 556 1539 cum
566 1465 605 1536 id
618 1483 819 1565 negarent,
839 1467 1102 1565 pellucidusne
1119 1476 1170 1541 sit
1179 1485 1298 1541 tumor
1372 1452 1373 1469 ἶ

297 1610 339 1656 ac
354 1586 384 1657 si
392 1610 529 1683 aquam
543 1585 777 1657 contineret?
788 1585 893 1683 quod
906 1588 1090 1658 continuo
1101 1585 1296 1676 affirmant,

296 1705 611 1803 interrogationes
634 1727 717 1800 quae
734 1702 781 1775 ‘ad
800 1728 880 1774 rem
900 1703 994 1775 adeo
1018 1703 1208 1795 facerent,
1232 1706 1294 1775 mi·

298 1837 434 1893 rantes.
453 1820 566 1911 Quod
585 1846 630 1893 ex
648 1820 960 1920 responsionibus
980 1847 1298 1921 argueram‚mox
1372 1824 1373 1829 ’

208 1954 211 1958 ’
298 1962 429 2010 rerum
454 1963 532 2011 esse
560 1937 804 2036 deprehendi.
835 1943 976 2011 Tumor
995 1956 1075 2012 erat
1100 1942 1230 2013 mollis
1253 1941 1298 2012 sic

300 2057 407 2145 satis,
424 2081 569 2154 perque
585 2057 666 2153 ejus
675 2058 834 2154 parietes
845 2056 1038 2155 plerisque
1050 2060 1090 2127 in
1102 2058 1201 2130 loeis
1211 2079 1297 2155 aqua
1371 1980 1373 2117 l

301 2175 479 2246 conclusa
501 2172 799 2246 manifestissime
820 2173 1083 2246 translucebat.
1100 2180 1138 2248 Is
1154 2176 1203 2247 ab
1222 2189 1300 2245 ortu

301 2292 479 2391 exiguus,
500 2292 598 2364 intra
619 2291 750 2364 decem
770 2317 918 2364 menses
934 2293 982 2364 ad
1003 2294 1298 2392 magnitudinem

301 2411 421 2512 pugni
437 2425 672 2498 excreverat,
692 2427 733 2482 ut
754 2435 817 2498 ea,
833 2436 912 2481 non
928 2412 1056 2485 minus
1071 2438 1191 2509 qnam
1209 2411 1298 2499 sede,

301 2528 408 2600 illum
419 2529 578 2603 omnino
590 2525 765 2615 referret,
779 2553 895 2625 quem
911 2530 1055 2627 pictum
1069 2528 1178 2603 dedit
1194 2534 1299 2625 Ruye

301 2647 409 2719 chius
426 2646 490 2744 (ι).
511 2650 598 2717 Erat
615 2671 711 2745 puer
730 2670 912 2744 magnus,
931 2644 1059 2736 fortis,
1078 2649 1299 2745 egregieque

303 2765 484 2846 nutritus,
498 2763 655 2835 artubus
666 2765 793 2853 etiam,
804 2762 942 2860 quibus
958 2765 1144 2836 duntaxat
1158 2780 1238 2837 erat
1246 2763 1299 2834 de·

302 2881 406 2971 bilis,
420 2879 683 2953 inferioribus:
699 2897 801 2953 recte
815 2882 926 2953 etiam
942 2878 1222 2971 conformatus,
1236 2881 1298 2953 nisi

303 3000 408 3099 quod
425 3025 534 3096 aequo
553 2999 731 3097 grandius
749 3013 878 3096 caput,
901 3002 1131 3096 caeteroquin
1155 3021 1296 3085 sanum

302 3120 343 3188 in
360 3119 529 3189 omnium
548 3117 679 3188 oculos
694 3116 930 3205 incurrebat;
950 3133 1071 3207 recte,
1084 3116 1296 3216 inquam,iis

303 3260 457 3333 quoque
472 3234 628 3307 artubus
644 3259 742 3331 quos
753 3235 869 3306 modo
887 3232 1057 3306 dicebam
1071 3289 1081 3323 ,
1095 3234 1296 3307 conforma·

302 3370 364 3425 tus
380 3379 389 3440 3
407 3368 449 3424 ut
466 3379 510 3424 ex
527 3377 628 3423 novo
644 3352 719 3423 hoc
741 3351 933 3450 exemp10,
951 3352 998 3423 ad
1020 3351 1131 3450 plura
1157 3353 1225 3424 alia
1242 3347 1296 3421 ad·
1372 3416 1373 3467 q

303 3471 404 3559 dit0,
430 3468 506 3541 falli
532 3470 802 3568 intelligerem,
828 3471 858 3542 si
881 3470 948 3566 qui
974 3470 1125 3542 intortis
1151 3467 1294 3567 pedibus

301 3592 406 3662 nasci
436 3588 661 3684 omnesqui
692 3602 842 3659 tumore
869 3586 1089 3684 hujusmodi
1116 3580 1294 3668 laborant,
1338 3682 1343 3690 Ι
1372 3602 1373 3673 t

298 3797 1288 3827 anm—um

336 3946 381 4025 (ι)
401 3948 575 4023 (ὠιὼιεῑ.
594 3941 731 4017 chiram,
750 3943 800 4022 fig.
815 3945 864 4003 36.
