2782 4668
163 474 240 519 ΜΒ.
268 472 291 516 1.
320 473 366 517 nn
392 468 528 517 noarrs
553 436 709 531 marris,
734 468 845 516 artsr.
872 470 953 516 vm.
1005 450 1073 542 427

62 582 371 683 perterrefactus.
390 588 428 656 Is
442 607 555 670 vero,
573 582 619 652 de
637 607 715 680 quo
729 572 961 679 Pr'yminsffi)
975 598 1078 653 retu-

62 704 103 773 lit
120 701 170 772 ad
193 702 337 799 regiam
352 700 546 798 Anglicam
567 700 811 787 Societatem,
831 699 890 770 vel
906 698 1078 773 abilevis-

63 821 160 891 simo
174 835 295 890 vento
311 818 383 913 sibi
397 816 597 888 videbatur
611 813 796 888 suffocari.
812 820 856 886 In
868 813 1078 888 suffocatio·

63 939 121 1009 nis
139 950 272 1008 antem
291 936 503 1035 periculum
523 934 570 1006 ab
596 933 726 1005 eadem
752 957 861 1005 causa
889 918 1098 1007 incidebat¹

64 1055 217 1142 mulier,
225 1055 333 1150 cujus
343 1047 539 1125 historiam
546 1052 696 1150 ¹scripsit
705 1050 930 1149 Platerus(2)
941 1077 949 1120 ε
962 1042 1078 1148 quan·

66 1192 180 1268 quam
196 1171 279 1243 haec
290 1195 371 1245 non
389 1171 436 1242 ab
455 1166 590 1242 rabido
606 1169 757 1241 animali
772 1168 1078 1266 hydrophobiant

67 1304 328 1379 contraxerat,
343 1289 460 1362 otalii
476 1304 670 1387 praeterea,
688 1313 851 1386 quorum
870 1313 948 1358 non
958 1312 1078 1385 pauca

66 1423 241 1503 prostant
260 1408 448 1506 exempla3
468 1407 541 1478 nisi
553 1405 648 1477 forte
660 1429 746 1477 cum
762 1406 989 1503 quibusdam
1002 1431 1078 1479 sus·

68 1526 226 1621 piceris,
246 1527 427 1623 quoniam
455 1524 659 1622 aliquando
681 1523 737 1620 (3)
758 1540 804 1596 >et
830 1522 1004 1596 facillime
1030 1549 1075 1595 ex

68 1645 296 1742 contagione
322 1642 362 1715 id
383 1646 486 1716 virus
506 1642 761 1731 contrahitur,
784 1658 822 1714 ct
842 1657 1077 1721 contractum
1122 1620 1125 1635 ¹

69 1760 153 1833 latet
172 1761 397 1860 longissimo
414 1776 606 1858 tempore,
624 1783 644 1829 a
671 1761 895 1858 contagione
919 1776 983 1831 aut
1005 1760 1078 1829 mi-

70 1881 166 1950 nime
176 1861 438 1951 animadversa
450 1934 459 1967 ‚
470 1895 566 1950 ante
580 1880 761 1950 memoria
774 1900 929 1976 prorsus
942 1874 1076 1976 elapsa,

71 1994 135 2067 hos
153 2020 291 2069 omnes
303 2020 438 2095 aquarn
455 1999 630 2069 metuisse
642 2025 649 2066 :
663 1997 810 2067 tametsi
821 1997 984 2068 vicissim
1002 2020 1079 2068 sus-

71 2113 182 2207 picari
202 2116 289 2212 quis
305 2130 449 2211 potest,
477 2110 517 2183 in
538 2135 710 2212 spumam
736 2112 912 2209 ejectam,
940 2129 1004 2185 aut
1038 2115 1077 2183 in

72 2231 205 2304 vulnus
226 2232 317 2303 olim
334 2230 518 2302 inflictum
538 2257 559 2301 a
576 2257 655 2303 non
676 2229 808 2302 rabida
825 2229 979 2304 fortasse
993 2231 1077 2303 bes·

73 2347 119 2416 tia
137 2349 349 2436 immerita,
378 2350 409 2419 si
434 2372 514 2419 non
542 2370 710 2447 semper,
732 2364 1075 2444 atnonnunquam

75 2466 235 2537 conferri
255 2466 358 2565 quod
379 2492 527 2538 veneno
547 2465 819 2563 ejusdemmodi
831 2467 933 2539 intus
949 2467 1076 2563 genito

74 2601 264 2683 acceptum
280 2587 404 2683 potius
432 2587 478 2656 sit
499 2581 750 2656 referendum.
776 2582 848 2655 Sed
866 2608 915 2653 ne
941 2582 1076 2653 harum

77 2705 327 2799 suspicionum
347 2700 529 2775 discussio
549 2722 652 2773 nunc
669 2700 820 2800 longius
836 2724 906 2771 nos
926 2699 974 2770 ab
997 2702 1075 2772 ins·

76 2818 180 2891 tituto
201 2840 376 2894 sermone
396 2813 576 2909 abducat3
597 2821 644 2891 de
665 2819 740 2892 hoc
758 2834 891 2918 postea
905 2817 958 2915 (4)
977 2817 1075 2890 vide

76 2932 202 3012 bimus.
998 3000 1002 3006 .
1037 2944 1040 2949 '

124 3080 177 3152 29.
203 3059 272 3129 Hic
292 3080 383 3129 vero
408 3056 454 3128 ad
474 3072 639 3154 quatuor
663 3055 832 3153 exempla
857 3054 1076 3152 hydropho-

78 3167 157 3260 bia,
174 3198 262 3247 cum
279 3176 374 3247 acris
386 3176 521 3246 timore
533 3174 762 3271 conjuncta,
777 3172 1074 3271 quintum‘adde-

79 3309 174 3379 mus,
192 3295 415 3390 promissam
440 3292 507 3390 (5)
527 3292 750 3364 Mutinensis
775 3290 930 3387 virginis
955 3286 1073 3362 histo-
