2774 4666
292 442 364 528 add
454 461 501 507 un
527 460 672 508 sumnus
697 461 741 506 nr
766 460 890 508 causis
916 428 1125 510 nonnosum

288 579 411 652 latina
427 577 580 651 cellulas
599 577 833 676 complente,
853 578 1176 652 distendebantur.
1200 583 1279 671 Quae
1379 608 1381 631 ³

287 694 348 769 his
372 695 516 767 cellulis
547 695 749 783 suberant,
774 721 816 767 ea
845 695 999 794 quidem
1025 722 1114 769 sana
1136 722 1280 796 appare·
1379 704 1380 713 ’

232 852 236 868 =
286 811 379 886 bant
392 839 403 901 ;
417 827 454 885 at
469 814 628 887 interior
646 827 773 886 tamen
790 815 954 912 laryngis
971 813 1083 888 facies
1103 814 1280 888 subrubeo

286 928 415 1004 colore
431 956 550 1030 prope
563 929 1281 1032 glottideminfectaerat,ipsaqueglot-
1380 994 1381 1017 ,

284 1047 373 1121 tidis
400 1049 536 1136 latera,
556 1074 640 1146 quae
667 1049 897 1147 caeteroquin
912 1044 1147 1137 albicabant,
1166 1065 1208 1120 ut
1231 1073 1282 1121 so·
1380 1038 1381 1041 ¹

283 1164 385 1253 lent,
401 1167 522 1238 multo
541 1167 659 1263 magis
672 1191 785 1264 quam
798 1166 964 1249 soleant,
981 1166 1248 1238 connivebant.
1380 1252 1381 1275 Χ

335 1308 392 1381 ²7·
414 1284 458 1355 ln
483 1282 645 1382 agricola
671 1282 766 1364 hoc,
785 1307 865 1353 non
883 1306 990 1356 secus
1000 1298 1113 1380 atque
1124 1284 1164 1352 in
1183 1284 1281 1355 salsa·
1380 1284 1382 1317 ²

284 1402 492 1486 mentario,
510 1398 668 1470 fluidum
679 1397 824 1494 ubique
837 1401 1058 1496 sanguinem
1074 1396 1212 1490 luisse,
1237 1402 1281 1470 ri·
1380 1438 1382 1481 3

284 1517 371 1606 des,
394 1518 498 1590 utin
522 1531 684 1612 utroque
702 1515 843 1613 pariter
867 1539 954 1586 cum
981 1531 1131 1587 tumore
1151 1516 1199 1588 ad
1217 1518 1283 1590 oris

283 1635 380 1708 latus
396 1634 535 1706 oborto
546 1657 660 1730 quam
677 1630 785 1704 facile
802 1657 841 1704 se
862 1634 1102 1730 conjunxerit
1119 1631 1282 1707 lentioris

284 1753 357 1827 seri
373 1751 547 1823 collectio
566 1751 606 1820 in
628 1749 817 1822 cellulosis
835 1750 1066 1823 membranis
1083 1774 1168 1849 quae
1188 1767 1281 1824 exte·

242 1947 246 1954 ,
282 1870 361 1942 rius
394 1870 612 1968 laryngem,
637 1869 854 1965 vicinasque
885 1882 1010 1965 partes
1036 1871 1280 1942 convestiunt.

284 1984 344 2059 Ob
368 2009 452 2058 eam
477 1985 741 2057 collectionem
774 1986 872 2057 circa
897 1985 1090 2084 laryngem
1126 1986 1283 2084 suspicio

282 2104 450 2205 primum
470 2116 556 2174 nata
582 2118 656 2191 est,
678 2102 882 2200 agricolam
908 2100 1132 2174 suffocatum
1153 2102 1283 2176 obiisse

282 2223 487 2322 praesertim
502 2219 831 2292 interbibendum.
850 2218 922 2292 Sed
939 2220 1034 2291 nulli
1051 2221 1091 2290 in
1102 2222 1283 2299 moriente

283 2353 442 2410 conatus
467 2337 717 2410 animadversi
748 2337 795 2407 ad
827 2339 1135 2435 respirationem,
1157 2340 1188 2411 si
1214 2364 1283 2438 qua

283 2471 420 2556 posset,
431 2455 913 2554 expediendam,continuo
923 2456 1178 2553 suspicionem
1189 2456 1283 2528 hant

283 2574 477 2649 sustulere.
496 2574 697 2669 Reliquum
709 2572 824 2670 igitur
841 2571 930 2660 fuit,
946 2588 988 2643 ut
1002 2573 1199 2645 crederem
1220 2599 1283 2673 po·

282 2689 372 2779 tius,
392 2703 546 2787 repente
575 2713 620 2759 ex
646 2689 892 2760 convulsione
921 2689 1199 2786 apoplecticum
1221 2688 1284 2760 fac·

281 2819 364 2880 tum
380 2807 545 2904 periisse.
562 2806 765 2877 Convulsio
776 2821 901 2876 autem
918 2807 1053 2876 cumin
1070 2806 1167 2876 labri
1184 2832 1303 2906 supe,

283 2924 414 3011 rioris,
431 2938 511 2995 tum
528 2924 688 2994 maxime
705 2925 745 2993 in
764 2922 921 2994 maxillae
935 2920 1124 2995 inferioris
1136 2948 1282 2996 muscu-

284 3039 329 3113 lis
350 3038 566 3127 manifesta,
584 3041 733 3112 latentis
758 3039 858 3112 illius
883 3050 965 3136 quae
991 3041 1087 3139 intra
1114 3043 1281 3112 cranium

284 3154 409 3241 fiteri't,
421 3156 603 3228 indicium
617 3173 681 3230 est.
695 3160 774 3228 Nee
786 3159 937 3245 mirum,
947 3173 1022 3228 tam
1034 3159 1109 3241 cito
1119 3161 1282 3230 occisum

284 3272 479 3345 bominem
490 3273 749 3348 flaccidissimo
763 3275 896 3364 corde,
911 3274 1055 3346 cerebri
1065 3291 1193 3347 autem
1206 3275 1284 3349 sub

285 3391 420 3478 stantia
442 3406 518 3462 tam
535 3393 634 3481 laxa,
653 3408 891 3490 quam-antea
908 3408 1044 3489 stupor
1065 3393 1284 3464 ostendebat

285 3510 570 3581 consentientis
583 3512 743 3581 vesicam
757 3511 849 3581 lotio
860 3510 1026 3608 plenam,
1035 3533 1160 3607 neque
1171 3511 1282 3583 ileum

284 3626 558 3714 exulceratum,
573 3652 699 3724 neque
723 3630 940 3727 gengivam,
965 3643 1002 3700 et
1020 3626 1188 3725 palatum
1206 3628 1283 3701 des·

284 3745 403 3841 cripta
420 3745 612 3842 parulide,
629 3771 754 3843 neque
771 3748 916 3835 uv-utae,
932 3762 1043 3843 atque
1057 3743 1154 3815 adeo
1168 3744 1284 3842 laryn·

279 3860 343 3956 gis
360 3859 564 3930 exteriores
579 3859 817 3932 membranas
838 3862 930 3932 lenti
950 3861 1023 3932 seri
1041 3864 1282 3960 congestione
1377 3908 1378 3939 ÷

284 3991 502 4073 occupatas,
520 3976 558 4044 in
571 3992 723 4048 mortuo
732 3993 859 4050 autem
870 3976 1104 4073 cerebriipsa
1118 3992 1283 4050 contrec·
