<?xml version="1.0" encoding="UTF-8"?>
<!DOCTYPE html PUBLIC "-//W3C//DTD XHTML 1.0 Transitional//EN"
    "http://www.w3.org/TR/xhtml1/DTD/xhtml1-transitional.dtd">
<html xmlns="http://www.w3.org/1999/xhtml" xml:lang="en" lang="en">
 <head>
  <title>
</title>
<meta http-equiv="Content-Type" content="text/html;charset=utf-8" />
  <meta name='ocr-system' content='tesseract 3.04.00' />
  <meta name='ocr-capabilities' content='ocr_page ocr_carea ocr_par ocr_line ocrx_word'/>
</head>
<body>
  <div class='ocr_page' id='page_1' title='image "./desedibusetcaus06adelgoog_0362.png"; bbox 0 0 2780 4666; ppageno 0'>
   <div class='ocr_carea' id='block_1_1' title="bbox 171 411 1063 510">
    <p class='ocr_par' dir='ltr' id='par_1_1' title="bbox 171 411 1063 510">
     <span class='ocr_line' id='line_1_1' title="bbox 171 411 1063 510; baseline -0.002 -26"><span class='ocrx_word' id='word_1_1' title='bbox 171 437 239 484; x_wconf 80' lang='lat' dir='ltr'><strong>nm.</strong></span> <span class='ocrx_word' id='word_1_2' title='bbox 266 437 292 482; x_wconf 85' lang='lat'><strong>1.</strong></span> <span class='ocrx_word' id='word_1_3' title='bbox 320 436 366 482; x_wconf 82' lang='lat' dir='ltr'><strong>nn</strong></span> <span class='ocrx_word' id='word_1_4' title='bbox 392 432 847 496; x_wconf 74' lang='lat' dir='ltr'><strong>nonnrsclr1r1S,nr1sr.</strong></span> <span class='ocrx_word' id='word_1_5' title='bbox 875 435 938 482; x_wconf 87' lang='lat' dir='ltr'><strong>vn.</strong></span> <span class='ocrx_word' id='word_1_6' title='bbox 993 411 1063 510; x_wconf 74' lang='grc'><strong>349</strong></span> 
     </span>
    </p>
   </div>
   <div class='ocr_carea' id='block_1_2' title="bbox 31 547 1117 4033">
    <p class='ocr_par' dir='ltr' id='par_1_2' title="bbox 60 547 1065 970">
     <span class='ocr_line' id='line_1_2' title="bbox 62 547 1061 648; baseline -0.003 -27"><span class='ocrx_word' id='word_1_7' title='bbox 62 574 137 648; x_wconf 88' lang='lat' dir='ltr'><strong>que</strong></span> <span class='ocrx_word' id='word_1_8' title='bbox 159 550 229 640; x_wconf 83' lang='lat' dir='ltr'><strong>etsi</strong></span> <span class='ocrx_word' id='word_1_9' title='bbox 246 573 291 621; x_wconf 89' lang='lat' dir='ltr'><strong>eo</strong></span> <span class='ocrx_word' id='word_1_10' title='bbox 308 547 368 619; x_wconf 90' lang='lat' dir='ltr'><strong>die</strong></span> <span class='ocrx_word' id='word_1_11' title='bbox 384 548 516 618; x_wconf 89' lang='lat' dir='ltr'><strong>missus</strong></span> <span class='ocrx_word' id='word_1_12' title='bbox 535 560 589 617; x_wconf 89' lang='lat' dir='ltr'><strong>est</strong></span> <span class='ocrx_word' id='word_1_13' title='bbox 612 547 796 642; x_wconf 84' lang='lat' dir='ltr'><strong>sanguise</strong></span> <span class='ocrx_word' id='word_1_14' title='bbox 815 547 909 635; x_wconf 85' lang='lat' dir='ltr'><strong>talo,</strong></span> <span class='ocrx_word' id='word_1_15' title='bbox 938 551 1061 618; x_wconf 90' lang='lat' dir='ltr'><strong>omni-</strong></span> 
     </span>
     <span class='ocr_line' id='line_1_3' title="bbox 61 662 1064 761; baseline -0.001 -23"><span class='ocrx_word' id='word_1_16' title='bbox 61 667 136 738; x_wconf 94' lang='lat' dir='ltr'><strong>bus</strong></span> <span class='ocrx_word' id='word_1_17' title='bbox 149 682 276 738; x_wconf 88' lang='lat' dir='ltr'><strong>tamen</strong></span> <span class='ocrx_word' id='word_1_18' title='bbox 291 666 331 735; x_wconf 91' lang='lat' dir='ltr'><strong>in</strong></span> <span class='ocrx_word' id='word_1_19' title='bbox 345 665 452 761; x_wconf 81' lang='lat' dir='ltr'><strong>pejus</strong></span> <span class='ocrx_word' id='word_1_20' title='bbox 466 662 678 750; x_wconf 87' lang='lat' dir='ltr'><strong>ruentibus,</strong></span> <span class='ocrx_word' id='word_1_21' title='bbox 687 662 868 759; x_wconf 86' lang='lat' dir='ltr'><strong>postridie</strong></span> <span class='ocrx_word' id='word_1_22' title='bbox 888 679 1064 753; x_wconf 81' lang='lat' dir='ltr'><strong>stertens,</strong></span> 
     </span>
     <span class='ocr_line' id='line_1_4' title="bbox 61 777 1065 880; baseline 0.001 -26"><span class='ocrx_word' id='word_1_23' title='bbox 61 785 239 880; x_wconf 89' lang='lat' dir='ltr'><strong>supinus,</strong></span> <span class='ocrx_word' id='word_1_24' title='bbox 268 796 425 878; x_wconf 86' lang='lat' dir='ltr'><strong>totoque</strong></span> <span class='ocrx_word' id='word_1_25' title='bbox 456 802 614 875; x_wconf 90' lang='lat' dir='ltr'><strong>corpore</strong></span> <span class='ocrx_word' id='word_1_26' title='bbox 644 777 780 850; x_wconf 89' lang='lat' dir='ltr'><strong>sudore</strong></span> <span class='ocrx_word' id='word_1_27' title='bbox 809 779 982 870; x_wconf 90' lang='lat' dir='ltr'><strong>madens,</strong></span> <span class='ocrx_word' id='word_1_28' title='bbox 1010 796 1065 856; x_wconf 90' lang='lat' dir='ltr'><strong>est</strong></span> 
     </span>
     <span class='ocr_line' id='line_1_5' title="bbox 60 914 329 970; baseline 0.007 -1"><span class='ocrx_word' id='word_1_29' title='bbox 60 914 248 970; x_wconf 88' lang='lat' dir='ltr'><strong>mortuus.</strong></span> <span class='ocrx_word' id='word_1_30' title='bbox 324 940 329 945; x_wconf 77' lang='lat'><strong>,</strong></span> 
     </span>
    </p>

    <p class='ocr_par' dir='ltr' id='par_1_3' title="bbox 31 1015 1117 4033">
     <span class='ocr_line' id='line_1_6' title="bbox 112 1015 1117 1106; baseline 0.004 -19"><span class='ocrx_word' id='word_1_31' title='bbox 112 1015 453 1105; x_wconf 85' lang='lat' dir='ltr'><strong>Cadaverisfacies,</strong></span> <span class='ocrx_word' id='word_1_32' title='bbox 469 1016 638 1106; x_wconf 88' lang='lat' dir='ltr'><strong>humeri,</strong></span> <span class='ocrx_word' id='word_1_33' title='bbox 660 1032 696 1090; x_wconf 93' lang='lat' dir='ltr'><strong>et</strong></span> <span class='ocrx_word' id='word_1_34' title='bbox 705 1016 859 1088; x_wconf 90' lang='lat' dir='ltr'><strong>brachia</strong></span> <span class='ocrx_word' id='word_1_35' title='bbox 867 1042 946 1088; x_wconf 90' lang='lat' dir='ltr'><strong>non</strong></span> <span class='ocrx_word' id='word_1_36' title='bbox 960 1042 1065 1091; x_wconf 89' lang='lat' dir='ltr'><strong>secus</strong></span> <span class='ocrx_word' id='word_1_37' title='bbox 1116 1072 1117 1075; x_wconf 63' lang='lat'><strong>,</strong></span> 
     </span>
     <span class='ocr_line' id='line_1_7' title="bbox 61 1132 1064 1231; baseline 0.003 -28"><span class='ocrx_word' id='word_1_38' title='bbox 61 1148 179 1230; x_wconf 89' lang='lat' dir='ltr'><strong>atque</strong></span> <span class='ocrx_word' id='word_1_39' title='bbox 209 1135 249 1203; x_wconf 91' lang='lat' dir='ltr'><strong>in</strong></span> <span class='ocrx_word' id='word_1_40' title='bbox 277 1136 458 1223; x_wconf 87' lang='lat' dir='ltr'><strong>ictericis,</strong></span> <span class='ocrx_word' id='word_1_41' title='bbox 482 1132 669 1209; x_wconf 85' lang='lat' dir='ltr'><strong>flavebant</strong></span> <span class='ocrx_word' id='word_1_42' title='bbox 696 1161 704 1202; x_wconf 73' lang='grc' dir='ltr'><strong><em>ε</em></strong></span> <span class='ocrx_word' id='word_1_43' title='bbox 732 1149 862 1205; x_wconf 85' lang='lat' dir='ltr'><strong>caetera</strong></span> <span class='ocrx_word' id='word_1_44' title='bbox 887 1160 1064 1231; x_wconf 92' lang='lat' dir='ltr'><strong>quoque,</strong></span> 
     </span>
     <span class='ocr_line' id='line_1_8' title="bbox 62 1249 1065 1325; baseline 0.003 -3"><span class='ocrx_word' id='word_1_45' title='bbox 62 1249 129 1322; x_wconf 91' lang='lat' dir='ltr'><strong>sed</strong></span> <span class='ocrx_word' id='word_1_46' title='bbox 158 1251 309 1322; x_wconf 91' lang='lat' dir='ltr'><strong>minus:</strong></span> <span class='ocrx_word' id='word_1_47' title='bbox 334 1250 396 1321; x_wconf 87' lang='lat' dir='ltr'><strong>ilia</strong></span> <span class='ocrx_word' id='word_1_48' title='bbox 413 1265 540 1322; x_wconf 88' lang='lat' dir='ltr'><strong>autem</strong></span> <span class='ocrx_word' id='word_1_49' title='bbox 565 1265 671 1322; x_wconf 88' lang='lat' dir='ltr'><strong>erant</strong></span> <span class='ocrx_word' id='word_1_50' title='bbox 703 1249 896 1324; x_wconf 87' lang='lat' dir='ltr'><strong>sublivida.</strong></span> <span class='ocrx_word' id='word_1_51' title='bbox 926 1256 1065 1325; x_wconf 89' lang='lat' dir='ltr'><strong>Ventrc</strong></span> 
     </span>
     <span class='ocr_line' id='line_1_9' title="bbox 60 1364 1066 1463; baseline 0.002 -27"><span class='ocrx_word' id='word_1_52' title='bbox 60 1380 217 1463; x_wconf 86' lang='lat' dir='ltr'><strong>apert0,</strong></span> <span class='ocrx_word' id='word_1_53' title='bbox 232 1367 563 1440; x_wconf 85' lang='lat' dir='ltr'><strong>animadvertimus</strong></span> <span class='ocrx_word' id='word_1_54' title='bbox 577 1380 774 1438; x_wconf 90' lang='lat' dir='ltr'><strong>omentum</strong></span> <span class='ocrx_word' id='word_1_55' title='bbox 787 1364 1066 1456; x_wconf 90' lang='lat' dir='ltr'><strong>brevissimum,</strong></span> 
     </span>
     <span class='ocr_line' id='line_1_10' title="bbox 61 1485 1065 1581; baseline 0.003 -28"><span class='ocrx_word' id='word_1_56' title='bbox 61 1508 292 1580; x_wconf 86' lang='lat' dir='ltr'><strong>sursumque</strong></span> <span class='ocrx_word' id='word_1_57' title='bbox 302 1499 505 1557; x_wconf 90' lang='lat' dir='ltr'><strong>retractum</strong></span> <span class='ocrx_word' id='word_1_58' title='bbox 518 1512 525 1553; x_wconf 90' lang='lat'>:</span> <span class='ocrx_word' id='word_1_59' title='bbox 544 1485 652 1555; x_wconf 90' lang='lat' dir='ltr'><strong>lienis</strong></span> <span class='ocrx_word' id='word_1_60' title='bbox 664 1486 849 1573; x_wconf 89' lang='lat' dir='ltr'><strong>tunicam,</strong></span> <span class='ocrx_word' id='word_1_61' title='bbox 862 1510 936 1581; x_wconf 90' lang='lat' dir='ltr'><strong>qua</strong></span> <span class='ocrx_word' id='word_1_62' title='bbox 945 1487 1065 1556; x_wconf 90' lang='lat' dir='ltr'><strong>imum</strong></span> 
     </span>
     <span class='ocr_line' id='line_1_11' title="bbox 61 1598 1064 1698; baseline 0.003 -28"><span class='ocrx_word' id='word_1_63' title='bbox 61 1598 186 1697; x_wconf 84' lang='lat' dir='ltr'><strong>gibbae</strong></span> <span class='ocrx_word' id='word_1_64' title='bbox 215 1599 321 1673; x_wconf 87' lang='lat' dir='ltr'><strong>facici</strong></span> <span class='ocrx_word' id='word_1_65' title='bbox 346 1601 543 1688; x_wconf 90' lang='lat' dir='ltr'><strong>vestiebat,</strong></span> <span class='ocrx_word' id='word_1_66' title='bbox 567 1599 777 1698; x_wconf 85' lang='lat' dir='ltr'><strong>praeduram</strong></span> <span class='ocrx_word' id='word_1_67' title='bbox 801 1627 809 1669; x_wconf 78' lang='grc' dir='ltr'><strong><em>ε</em></strong></span> <span class='ocrx_word' id='word_1_68' title='bbox 833 1600 951 1697; x_wconf 86' lang='lat' dir='ltr'><strong>hepar</strong></span> <span class='ocrx_word' id='word_1_69' title='bbox 975 1625 1064 1673; x_wconf 88' lang='lat' dir='ltr'><strong>vcro</strong></span> 
     </span>
     <span class='ocr_line' id='line_1_12' title="bbox 60 1716 1065 1815; baseline 0.003 -29"><span class='ocrx_word' id='word_1_70' title='bbox 60 1740 152 1786; x_wconf 93' lang='lat' dir='ltr'><strong>cum</strong></span> <span class='ocrx_word' id='word_1_71' title='bbox 170 1716 452 1815; x_wconf 84' lang='lat' dir='ltr'><strong>diaphragmate</strong></span> <span class='ocrx_word' id='word_1_72' title='bbox 464 1734 543 1789; x_wconf 86' lang='lat' dir='ltr'><strong>tota</strong></span> <span class='ocrx_word' id='word_1_73' title='bbox 558 1742 722 1790; x_wconf 84' lang='lat' dir='ltr'><strong>convexa</strong></span> <span class='ocrx_word' id='word_1_74' title='bbox 739 1716 830 1791; x_wconf 82' lang='lat' dir='ltr'><strong>facie</strong></span> <span class='ocrx_word' id='word_1_75' title='bbox 848 1734 1065 1808; x_wconf 89' lang='lat' dir='ltr'><strong>connatum,</strong></span> 
     </span>
     <span class='ocr_line' id='line_1_13' title="bbox 61 1833 1064 1932; baseline 0.003 -28"><span class='ocrx_word' id='word_1_76' title='bbox 61 1835 94 1905; x_wconf 89' lang='lat' dir='ltr'><strong>si</strong></span> <span class='ocrx_word' id='word_1_77' title='bbox 109 1833 291 1921; x_wconf 83' lang='lat' dir='ltr'><strong>limbum,</strong></span> <span class='ocrx_word' id='word_1_78' title='bbox 308 1835 464 1932; x_wconf 87' lang='lat' dir='ltr'><strong>ejusque</strong></span> <span class='ocrx_word' id='word_1_79' title='bbox 478 1836 652 1904; x_wconf 89' lang='lat' dir='ltr'><strong>viciniam</strong></span> <span class='ocrx_word' id='word_1_80' title='bbox 670 1836 839 1931; x_wconf 85' lang='lat' dir='ltr'><strong>excipias.</strong></span> <span class='ocrx_word' id='word_1_81' title='bbox 858 1837 925 1907; x_wconf 92' lang='lat' dir='ltr'><strong>Hic</strong></span> <span class='ocrx_word' id='word_1_82' title='bbox 941 1835 988 1906; x_wconf 91' lang='lat' dir='ltr'><strong>ad</strong></span> <span class='ocrx_word' id='word_1_83' title='bbox 1000 1837 1064 1907; x_wconf 89' lang='lat' dir='ltr'><strong>ali·</strong></span> 
     </span>
     <span class='ocr_line' id='line_1_14' title="bbox 31 1946 1064 2049; baseline 0.007 -30"><span class='ocrx_word' id='word_1_84' title='bbox 31 2042 36 2049; x_wconf 22' lang='lat'><strong>,</strong></span> <span class='ocrx_word' id='word_1_85' title='bbox 61 1973 179 2045; x_wconf 90' lang='lat' dir='ltr'><strong>quem</strong></span> <span class='ocrx_word' id='word_1_86' title='bbox 196 1963 377 2036; x_wconf 89' lang='lat' dir='ltr'><strong>tractum,</strong></span> <span class='ocrx_word' id='word_1_87' title='bbox 394 1946 499 2022; x_wconf 87' lang='lat' dir='ltr'><strong>faciei</strong></span> <span class='ocrx_word' id='word_1_88' title='bbox 515 1964 641 2022; x_wconf 91' lang='lat' dir='ltr'><strong>autem</strong></span> <span class='ocrx_word' id='word_1_89' title='bbox 657 1975 753 2020; x_wconf 85' lang='lat' dir='ltr'><strong>cavae</strong></span> <span class='ocrx_word' id='word_1_90' title='bbox 771 1973 905 2048; x_wconf 84' lang='lat' dir='ltr'><strong>magna</strong></span> <span class='ocrx_word' id='word_1_91' title='bbox 921 1975 1007 2049; x_wconf 90' lang='lat' dir='ltr'><strong>pars</strong></span> <span class='ocrx_word' id='word_1_92' title='bbox 1021 1954 1064 2027; x_wconf 78' lang='lat' dir='ltr'><strong>h·-</strong></span> 
     </span>
     <span class='ocr_line' id='line_1_15' title="bbox 60 2061 1059 2163; baseline 0.005 -29"><span class='ocrx_word' id='word_1_93' title='bbox 60 2089 153 2136; x_wconf 91' lang='lat' dir='ltr'><strong>vore</strong></span> <span class='ocrx_word' id='word_1_94' title='bbox 175 2061 414 2135; x_wconf 87' lang='lat' dir='ltr'><strong>inficiebatur</strong></span> <span class='ocrx_word' id='word_1_95' title='bbox 438 2089 527 2135; x_wconf 89' lang='lat' dir='ltr'><strong>cum</strong></span> <span class='ocrx_word' id='word_1_96' title='bbox 544 2064 749 2137; x_wconf 89' lang='lat' dir='ltr'><strong>substantia</strong></span> <span class='ocrx_word' id='word_1_97' title='bbox 771 2070 940 2163; x_wconf 85' lang='lat' dir='ltr'><strong>proxima</strong></span> <span class='ocrx_word' id='word_1_98' title='bbox 955 2068 1002 2139; x_wconf 92' lang='lat' dir='ltr'><strong>ad</strong></span> <span class='ocrx_word' id='word_1_99' title='bbox 1016 2069 1059 2139; x_wconf 94' lang='lat' dir='ltr'><strong>li-</strong></span> 
     </span>
     <span class='ocr_line' id='line_1_16' title="bbox 60 2178 1060 2279; baseline 0.006 -27"><span class='ocrx_word' id='word_1_100' title='bbox 60 2206 154 2255; x_wconf 90' lang='lat' dir='ltr'><strong>neas</strong></span> <span class='ocrx_word' id='word_1_101' title='bbox 169 2178 287 2268; x_wconf 72' lang='lat' dir='ltr'><strong>duas,</strong></span> <span class='ocrx_word' id='word_1_102' title='bbox 308 2180 453 2278; x_wconf 91' lang='lat' dir='ltr'><strong>reliqua</strong></span> <span class='ocrx_word' id='word_1_103' title='bbox 476 2182 636 2279; x_wconf 90' lang='lat' dir='ltr'><strong>pallida,</strong></span> <span class='ocrx_word' id='word_1_104' title='bbox 661 2197 697 2254; x_wconf 94' lang='lat' dir='ltr'><strong>et</strong></span> <span class='ocrx_word' id='word_1_105' title='bbox 722 2186 920 2257; x_wconf 83' lang='lat' dir='ltr'><strong>marmoris</strong></span> <span class='ocrx_word' id='word_1_106' title='bbox 944 2187 1060 2258; x_wconf 91' lang='lat' dir='ltr'><strong>instar</strong></span> 
     </span>
     <span class='ocr_line' id='line_1_17' title="bbox 60 2297 1060 2395; baseline 0.005 -26"><span class='ocrx_word' id='word_1_107' title='bbox 60 2300 266 2395; x_wconf 83' lang='lat' dir='ltr'><strong>variegata,</strong></span> <span class='ocrx_word' id='word_1_108' title='bbox 286 2311 365 2368; x_wconf 92' lang='lat' dir='ltr'><strong>tota</strong></span> <span class='ocrx_word' id='word_1_109' title='bbox 391 2312 517 2377; x_wconf 88' lang='lat' dir='ltr'><strong>autem</strong></span> <span class='ocrx_word' id='word_1_110' title='bbox 538 2297 764 2369; x_wconf 85' lang='lat' dir='ltr'><strong>duriuscula.</strong></span> <span class='ocrx_word' id='word_1_111' title='bbox 788 2300 874 2372; x_wconf 92' lang='lat' dir='ltr'><strong>Bilis</strong></span> <span class='ocrx_word' id='word_1_112' title='bbox 900 2302 939 2372; x_wconf 92' lang='lat' dir='ltr'><strong>in</strong></span> <span class='ocrx_word' id='word_1_113' title='bbox 967 2305 1060 2379; x_wconf 88' lang='lat' dir='ltr'><strong>vesi-</strong></span> 
     </span>
     <span class='ocr_line' id='line_1_18' title="bbox 60 2415 1060 2511; baseline 0.007 -27"><span class='ocrx_word' id='word_1_114' title='bbox 60 2415 147 2485; x_wconf 90' lang='lat' dir='ltr'><strong>cula</strong></span> <span class='ocrx_word' id='word_1_115' title='bbox 162 2428 240 2487; x_wconf 85' lang='lat' dir='ltr'><strong>erat</strong></span> <span class='ocrx_word' id='word_1_116' title='bbox 253 2437 391 2510; x_wconf 91' lang='lat' dir='ltr'><strong>pauca,</strong></span> <span class='ocrx_word' id='word_1_117' title='bbox 407 2439 524 2511; x_wconf 88' lang='lat' dir='ltr'><strong>eaque</strong></span> <span class='ocrx_word' id='word_1_118' title='bbox 537 2415 706 2511; x_wconf 87' lang='lat' dir='ltr'><strong>corrupti</strong></span> <span class='ocrx_word' id='word_1_119' title='bbox 716 2416 907 2511; x_wconf 88' lang='lat' dir='ltr'><strong>sanguinis</strong></span> <span class='ocrx_word' id='word_1_120' title='bbox 917 2418 1060 2509; x_wconf 84' lang='lat' dir='ltr'><strong>similis,</strong></span> 
     </span>
     <span class='ocr_line' id='line_1_19' title="bbox 60 2526 1059 2627; baseline 0.007 -26"><span class='ocrx_word' id='word_1_121' title='bbox 60 2546 126 2601; x_wconf 91' lang='lat' dir='ltr'><strong>aut</strong></span> <span class='ocrx_word' id='word_1_122' title='bbox 143 2555 248 2627; x_wconf 84' lang='lat' dir='ltr'><strong>aquae</strong></span> <span class='ocrx_word' id='word_1_123' title='bbox 265 2530 423 2602; x_wconf 78' lang='lat' dir='ltr'><strong>turbida</strong></span> <span class='ocrx_word' id='word_1_124' title='bbox 439 2532 479 2601; x_wconf 91' lang='lat' dir='ltr'><strong>in</strong></span> <span class='ocrx_word' id='word_1_125' title='bbox 494 2555 569 2627; x_wconf 86' lang='lat' dir='ltr'><strong>qua</strong></span> <span class='ocrx_word' id='word_1_126' title='bbox 584 2554 671 2601; x_wconf 88' lang='lat' dir='ltr'><strong>caro</strong></span> <span class='ocrx_word' id='word_1_127' title='bbox 691 2526 766 2607; x_wconf 79' lang='lat' dir='ltr'><strong>lot&#39;a</strong></span> <span class='ocrx_word' id='word_1_128' title='bbox 781 2533 836 2602; x_wconf 90' lang='lat' dir='ltr'><strong>sit.</strong></span> <span class='ocrx_word' id='word_1_129' title='bbox 859 2531 961 2603; x_wconf 86' lang='lat' dir='ltr'><strong>Nihil</strong></span> <span class='ocrx_word' id='word_1_130' title='bbox 978 2535 1059 2608; x_wconf 88' lang='lat' dir='ltr'><strong>obs·</strong></span> 
     </span>
     <span class='ocr_line' id='line_1_20' title="bbox 59 2647 1108 2746; baseline 0.006 -26"><span class='ocrx_word' id='word_1_131' title='bbox 59 2648 165 2720; x_wconf 86' lang='lat' dir='ltr'><strong>tabat</strong></span> <span class='ocrx_word' id='word_1_132' title='bbox 191 2651 396 2746; x_wconf 90' lang='lat' dir='ltr'><strong>quominus</strong></span> <span class='ocrx_word' id='word_1_133' title='bbox 422 2649 462 2720; x_wconf 96' lang='lat' dir='ltr'><strong>in</strong></span> <span class='ocrx_word' id='word_1_134' title='bbox 488 2647 709 2719; x_wconf 91' lang='lat' dir='ltr'><strong>duodenum</strong></span> <span class='ocrx_word' id='word_1_135' title='bbox 734 2649 953 2720; x_wconf 87' lang='lat' dir='ltr'><strong>intestinum</strong></span> <span class='ocrx_word' id='word_1_136' title='bbox 972 2652 1058 2726; x_wconf 74' lang='lat' dir='ltr'><strong>&#39;des-</strong></span> <span class='ocrx_word' id='word_1_137' title='bbox 1104 2656 1108 2663; x_wconf 46' lang='lat'><em>¹</em></span> 
     </span>
     <span class='ocr_line' id='line_1_21' title="bbox 60 2758 1059 2854; baseline 0.008 -18"><span class='ocrx_word' id='word_1_138' title='bbox 60 2758 262 2854; x_wconf 76' lang='lat' dir='ltr'><strong>conderet3</strong></span> <span class='ocrx_word' id='word_1_139' title='bbox 288 2764 523 2839; x_wconf 89' lang='lat' dir='ltr'><strong>descendisse</strong></span> <span class='ocrx_word' id='word_1_140' title='bbox 552 2777 676 2835; x_wconf 88' lang='lat' dir='ltr'><strong>autem</strong></span> <span class='ocrx_word' id='word_1_141' title='bbox 702 2763 808 2837; x_wconf 92' lang='lat' dir='ltr'><strong>color</strong></span> <span class='ocrx_word' id='word_1_142' title='bbox 838 2767 1059 2843; x_wconf 91' lang='lat' dir='ltr'><strong>ostendebat</strong></span> 
     </span>
     <span class='ocr_line' id='line_1_22' title="bbox 60 2880 1058 2981; baseline 0.006 -27"><span class='ocrx_word' id='word_1_143' title='bbox 60 2906 196 2954; x_wconf 88' lang='lat' dir='ltr'><strong>eorum</strong></span> <span class='ocrx_word' id='word_1_144' title='bbox 224 2907 305 2978; x_wconf 84' lang='lat' dir='ltr'><strong>quae</strong></span> <span class='ocrx_word' id='word_1_145' title='bbox 332 2883 516 2981; x_wconf 87' lang='lat' dir='ltr'><strong>intestinis</strong></span> <span class='ocrx_word' id='word_1_146' title='bbox 538 2880 839 2953; x_wconf 87' lang='lat' dir='ltr'><strong>continebantur.</strong></span> <span class='ocrx_word' id='word_1_147' title='bbox 860 2888 943 2957; x_wconf 86' lang='lat' dir='ltr'><strong>Haec</strong></span> <span class='ocrx_word' id='word_1_148' title='bbox 973 2910 1058 2960; x_wconf 87' lang='lat' dir='ltr'><strong>aere</strong></span> 
     </span>
     <span class='ocr_line' id='line_1_23' title="bbox 59 2998 1103 3097; baseline 0.006 -27"><span class='ocrx_word' id='word_1_149' title='bbox 59 2998 284 3095; x_wconf 85' lang='lat' dir='ltr'><strong>turgebant,</strong></span> <span class='ocrx_word' id='word_1_150' title='bbox 299 3001 419 3097; x_wconf 89' lang='lat' dir='ltr'><strong>iisque</strong></span> <span class='ocrx_word' id='word_1_151' title='bbox 436 2998 630 3071; x_wconf 84' lang='lat' dir='ltr'><strong>adbaerens</strong></span> <span class='ocrx_word' id='word_1_152' title='bbox 642 2998 834 3096; x_wconf 83' lang='lat' dir='ltr'><strong>pinguedo</strong></span> <span class='ocrx_word' id='word_1_153' title='bbox 851 2998 944 3071; x_wconf 89' lang='lat' dir='ltr'><strong>flava</strong></span> <span class='ocrx_word' id='word_1_154' title='bbox 959 3020 1057 3096; x_wconf 72' lang='lat' dir='ltr'><strong>erat,</strong></span> <span class='ocrx_word' id='word_1_155' title='bbox 1099 3049 1103 3056; x_wconf 84' lang='lat'><strong>·</strong></span> 
     </span>
     <span class='ocr_line' id='line_1_24' title="bbox 59 3117 1058 3218; baseline 0.005 -31"><span class='ocrx_word' id='word_1_156' title='bbox 59 3130 103 3188; x_wconf 87' lang='lat' dir='ltr'><strong>ut</strong></span> <span class='ocrx_word' id='word_1_157' title='bbox 119 3139 308 3213; x_wconf 84' lang='lat' dir='ltr'><strong>perpauca</strong></span> <span class='ocrx_word' id='word_1_158' title='bbox 320 3117 559 3212; x_wconf 90' lang='lat' dir='ltr'><strong>etiamaqua,</strong></span> <span class='ocrx_word' id='word_1_159' title='bbox 576 3142 659 3214; x_wconf 86' lang='lat' dir='ltr'><strong>quae</strong></span> <span class='ocrx_word' id='word_1_160' title='bbox 671 3118 710 3187; x_wconf 91' lang='lat' dir='ltr'><strong>in</strong></span> <span class='ocrx_word' id='word_1_161' title='bbox 725 3118 799 3189; x_wconf 88' lang='lat' dir='ltr'><strong>ima</strong></span> <span class='ocrx_word' id='word_1_162' title='bbox 808 3120 948 3192; x_wconf 91' lang='lat' dir='ltr'><strong>ventris</strong></span> <span class='ocrx_word' id='word_1_163' title='bbox 959 3122 1058 3218; x_wconf 90' lang='lat' dir='ltr'><strong>pelvi</strong></span> 
     </span>
     <span class='ocr_line' id='line_1_25' title="bbox 59 3229 1056 3330; baseline 0.009 -28"><span class='ocrx_word' id='word_1_164' title='bbox 59 3229 143 3303; x_wconf 83' lang='lat' dir='ltr'><strong>fuit.</strong></span> <span class='ocrx_word' id='word_1_165' title='bbox 161 3233 252 3321; x_wconf 82' lang='lat' dir='ltr'><strong>Quae</strong></span> <span class='ocrx_word' id='word_1_166' title='bbox 274 3248 398 3305; x_wconf 88' lang='lat' dir='ltr'><strong>autem</strong></span> <span class='ocrx_word' id='word_1_167' title='bbox 419 3257 506 3330; x_wconf 90' lang='lat' dir='ltr'><strong>pars</strong></span> <span class='ocrx_word' id='word_1_168' title='bbox 529 3234 700 3305; x_wconf 89' lang='lat' dir='ltr'><strong>tenuium</strong></span> <span class='ocrx_word' id='word_1_169' title='bbox 726 3234 990 3309; x_wconf 86' lang='lat' dir='ltr'><strong>intestinorum</strong></span> <span class='ocrx_word' id='word_1_170' title='bbox 1017 3243 1056 3311; x_wconf 92' lang='lat' dir='ltr'><strong>in</strong></span> 
     </span>
     <span class='ocr_line' id='line_1_26' title="bbox 58 3347 1058 3447; baseline 0.009 -28"><span class='ocrx_word' id='word_1_171' title='bbox 58 3350 161 3447; x_wconf 89' lang='lat' dir='ltr'><strong>pelvi</strong></span> <span class='ocrx_word' id='word_1_172' title='bbox 193 3363 291 3436; x_wconf 87' lang='lat' dir='ltr'><strong>erat,</strong></span> <span class='ocrx_word' id='word_1_173' title='bbox 319 3350 381 3420; x_wconf 92' lang='lat' dir='ltr'><strong>illa</strong></span> <span class='ocrx_word' id='word_1_174' title='bbox 407 3375 452 3420; x_wconf 86' lang='lat' dir='ltr'><strong>ex</strong></span> <span class='ocrx_word' id='word_1_175' title='bbox 473 3347 577 3421; x_wconf 83' lang='lat' dir='ltr'><strong>fusco</strong></span> <span class='ocrx_word' id='word_1_176' title='bbox 603 3348 851 3441; x_wconf 88' lang='lat' dir='ltr'><strong>subrubebat‚</strong></span> <span class='ocrx_word' id='word_1_177' title='bbox 872 3368 916 3426; x_wconf 94' lang='lat' dir='ltr'><strong>ut</strong></span> <span class='ocrx_word' id='word_1_178' title='bbox 936 3357 1058 3428; x_wconf 89' lang='lat' dir='ltr'><strong>vicina</strong></span> 
     </span>
     <span class='ocr_line' id='line_1_27' title="bbox 59 3451 1057 3565; baseline 0.01 -30"><span class='ocrx_word' id='word_1_179' title='bbox 59 3490 217 3564; x_wconf 87' lang='lat' dir='ltr'><strong>quoque</strong></span> <span class='ocrx_word' id='word_1_180' title='bbox 236 3451 428 3539; x_wconf 89' lang='lat' dir='ltr'><strong>ureterum</strong></span> <span class='ocrx_word' id='word_1_181' title='bbox 454 3467 589 3565; x_wconf 89' lang='lat' dir='ltr'><strong>portio.</strong></span> <span class='ocrx_word' id='word_1_182' title='bbox 615 3472 661 3539; x_wconf 88' lang='lat' dir='ltr'><strong>At</strong></span> <span class='ocrx_word' id='word_1_183' title='bbox 688 3468 830 3557; x_wconf 89' lang='lat' dir='ltr'><strong>vesica,</strong></span> <span class='ocrx_word' id='word_1_184' title='bbox 858 3486 895 3543; x_wconf 89' lang='lat' dir='ltr'><strong>et</strong></span> <span class='ocrx_word' id='word_1_185' title='bbox 921 3472 1057 3546; x_wconf 88' lang='lat' dir='ltr'><strong>lotium</strong></span> 
     </span>
     <span class='ocr_line' id='line_1_28' title="bbox 59 3582 1055 3684; baseline 0.006 -29"><span class='ocrx_word' id='word_1_186' title='bbox 59 3608 138 3680; x_wconf 89' lang='lat' dir='ltr'><strong>quo</strong></span> <span class='ocrx_word' id='word_1_187' title='bbox 165 3582 366 3681; x_wconf 85' lang='lat' dir='ltr'><strong>distentam</strong></span> <span class='ocrx_word' id='word_1_188' title='bbox 390 3585 626 3673; x_wconf 90' lang='lat' dir='ltr'><strong>invenimus,</strong></span> <span class='ocrx_word' id='word_1_189' title='bbox 645 3598 851 3684; x_wconf 90' lang='lat' dir='ltr'><strong>utrumque</strong></span> <span class='ocrx_word' id='word_1_190' title='bbox 875 3586 1055 3664; x_wconf 44' lang='lat' dir='ltr'><strong>wflavebat:</strong></span> 
     </span>
     <span class='ocr_line' id='line_1_29' title="bbox 59 3697 1058 3805; baseline 0.008 -33"><span class='ocrx_word' id='word_1_191' title='bbox 59 3697 273 3798; x_wconf 86' lang='lat' dir='ltr'><strong>sanguifera</strong></span> <span class='ocrx_word' id='word_1_192' title='bbox 288 3714 413 3771; x_wconf 91' lang='lat' dir='ltr'><strong>autem</strong></span> <span class='ocrx_word' id='word_1_193' title='bbox 429 3701 578 3772; x_wconf 88' lang='lat' dir='ltr'><strong>vascula</strong></span> <span class='ocrx_word' id='word_1_194' title='bbox 587 3702 768 3773; x_wconf 88' lang='lat' dir='ltr'><strong>cervicem</strong></span> <span class='ocrx_word' id='word_1_195' title='bbox 782 3728 911 3777; x_wconf 82' lang='lat' dir='ltr'><strong>versus</strong></span> <span class='ocrx_word' id='word_1_196' title='bbox 922 3708 962 3776; x_wconf 93' lang='lat' dir='ltr'><strong>in</strong></span> <span class='ocrx_word' id='word_1_197' title='bbox 972 3732 1058 3805; x_wconf 90' lang='lat' dir='ltr'><strong>pos-</strong></span> 
     </span>
     <span class='ocr_line' id='line_1_30' title="bbox 58 3814 1057 3916; baseline 0.006 -28"><span class='ocrx_word' id='word_1_198' title='bbox 58 3819 192 3890; x_wconf 85' lang='lat' dir='ltr'><strong>teriori</strong></span> <span class='ocrx_word' id='word_1_199' title='bbox 208 3814 456 3913; x_wconf 88' lang='lat' dir='ltr'><strong>interiorique</strong></span> <span class='ocrx_word' id='word_1_200' title='bbox 470 3817 570 3889; x_wconf 91' lang='lat' dir='ltr'><strong>illius</strong></span> <span class='ocrx_word' id='word_1_201' title='bbox 584 3834 689 3915; x_wconf 87' lang='lat' dir='ltr'><strong>parte</strong></span> <span class='ocrx_word' id='word_1_202' title='bbox 705 3819 915 3916; x_wconf 84' lang='lat' dir='ltr'><strong>turgebant.</strong></span> <span class='ocrx_word' id='word_1_203' title='bbox 930 3827 972 3892; x_wconf 90' lang='lat' dir='ltr'><strong>In</strong></span> <span class='ocrx_word' id='word_1_204' title='bbox 984 3823 1057 3894; x_wconf 93' lang='lat' dir='ltr'><strong>hu-</strong></span> 
     </span>
     <span class='ocr_line' id='line_1_31' title="bbox 54 3932 1057 4033; baseline 0.001 -25"><span class='ocrx_word' id='word_1_205' title='bbox 54 3935 116 4032; x_wconf 81' lang='lat' dir='ltr'><strong>jus</strong></span> <span class='ocrx_word' id='word_1_206' title='bbox 131 3936 262 4017; x_wconf 83' lang='lat' dir='ltr'><strong>vesicae</strong></span> <span class='ocrx_word' id='word_1_207' title='bbox 282 3932 488 4031; x_wconf 88' lang='lat' dir='ltr'><strong>parietibus</strong></span> <span class='ocrx_word' id='word_1_208' title='bbox 507 3935 588 4008; x_wconf 92' lang='lat' dir='ltr'><strong>illas</strong></span> <span class='ocrx_word' id='word_1_209' title='bbox 603 3935 774 4024; x_wconf 89' lang='lat' dir='ltr'><strong>cellulas,</strong></span> <span class='ocrx_word' id='word_1_210' title='bbox 795 3952 831 4008; x_wconf 91' lang='lat' dir='ltr'><strong>et</strong></span> <span class='ocrx_word' id='word_1_211' title='bbox 849 3938 1057 4033; x_wconf 60' lang='lat' dir='ltr'><strong>quasi‘bcr-</strong></span> 
     </span>
    </p>
   </div>
   <div class='ocr_carea' id='block_1_3' title="bbox 0 0 1394 4666">
    <p class='ocr_par' dir='ltr' id='par_1_4' title="bbox 0 0 1394 4666">
     <span class='ocr_line' id='line_1_32' title="bbox 0 0 1394 4666; baseline 0 0"><span class='ocrx_word' id='word_1_212' title='bbox 0 0 1394 4666; x_wconf 95' lang='lat' dir='ltr'><strong> </strong></span> 
     </span>
    </p>
   </div>
  </div>
 </body>
</html>
