<?xml version="1.0" encoding="UTF-8"?>
<!DOCTYPE html PUBLIC "-//W3C//DTD XHTML 1.0 Transitional//EN"
    "http://www.w3.org/TR/xhtml1/DTD/xhtml1-transitional.dtd">
<html xmlns="http://www.w3.org/1999/xhtml" xml:lang="en" lang="en">
 <head>
  <title>
</title>
<meta http-equiv="Content-Type" content="text/html;charset=utf-8" />
  <meta name='ocr-system' content='tesseract 3.04.00' />
  <meta name='ocr-capabilities' content='ocr_page ocr_carea ocr_par ocr_line ocrx_word'/>
</head>
<body>
  <div class='ocr_page' id='page_1' title='image "./desedibusetcaus06adelgoog_0193.png"; bbox 0 0 2774 4666; ppageno 0'>
   <div class='ocr_carea' id='block_1_1' title="bbox 292 469 1129 539">
    <p class='ocr_par' dir='ltr' id='par_1_1' title="bbox 292 469 1129 539">
     <span class='ocr_line' id='line_1_1' title="bbox 292 469 1129 539; baseline -0.008 0"><span class='ocrx_word' id='word_1_1' title='bbox 292 469 358 539; x_wconf 82' lang='lat'>182</span> <span class='ocrx_word' id='word_1_2' title='bbox 455 491 502 536; x_wconf 79' lang='lat' dir='ltr'>nn</span> <span class='ocrx_word' id='word_1_3' title='bbox 529 472 744 535; x_wconf 70' lang='lat' dir='ltr'>sennaser</span> <span class='ocrx_word' id='word_1_4' title='bbox 769 485 893 534; x_wconf 76' lang='lat' dir='ltr'>causis</span> <span class='ocrx_word' id='word_1_5' title='bbox 918 482 1129 532; x_wconf 74' lang='lat' dir='ltr'>narrarunt</span> 
     </span>
    </p>
   </div>
   <div class='ocr_carea' id='block_1_2' title="bbox 194 328 1377 1172">
    <p class='ocr_par' dir='ltr' id='par_1_2' title="bbox 194 328 1377 4649">
     <span class='ocr_line' id='line_1_2' title="bbox 1372 328 1377 427; baseline 0 0"><span class='ocrx_word' id='word_1_6' title='bbox 1372 328 1377 427; x_wconf 87' lang='lat' dir='ltr'>l</span> 
     </span>
     <span class='ocr_line' id='line_1_3' title="bbox 285 552 1377 701; baseline -0.009 -24"><span class='ocrx_word' id='word_1_7' title='bbox 285 606 339 677; x_wconf 92' lang='lat' dir='ltr'>ibi</span> <span class='ocrx_word' id='word_1_8' title='bbox 382 627 537 701; x_wconf 81' lang='lat' dir='ltr'>quoque</span> <span class='ocrx_word' id='word_1_9' title='bbox 571 625 654 673; x_wconf 87' lang='lat' dir='ltr'>ossa</span> <span class='ocrx_word' id='word_1_10' title='bbox 687 600 758 671; x_wconf 85' lang='lat' dir='ltr'>alia</span> <span class='ocrx_word' id='word_1_11' title='bbox 791 624 851 670; x_wconf 88' lang='lat' dir='ltr'>me</span> <span class='ocrx_word' id='word_1_12' title='bbox 885 595 998 671; x_wconf 85' lang='lat' dir='ltr'>fuisse</span> <span class='ocrx_word' id='word_1_13' title='bbox 1031 612 1272 695; x_wconf 87' lang='lat' dir='ltr'>reperturum.</span> <span class='ocrx_word' id='word_1_14' title='bbox 1375 552 1377 671; x_wconf 83' lang='lat' dir='ltr'>l</span> 
     </span>
     <span class='ocr_line' id='line_1_4' title="bbox 284 690 1377 831; baseline -0.009 -38"><span class='ocrx_word' id='word_1_15' title='bbox 284 721 432 794; x_wconf 85' lang='lat' dir='ltr'>Deinde</span> <span class='ocrx_word' id='word_1_16' title='bbox 457 722 496 791; x_wconf 91' lang='lat' dir='ltr'>in</span> <span class='ocrx_word' id='word_1_17' title='bbox 518 718 692 818; x_wconf 82' lang='lat' dir='ltr'>pluribus</span> <span class='ocrx_word' id='word_1_18' title='bbox 716 717 959 816; x_wconf 88' lang='lat' dir='ltr'>apoplecticis</span> <span class='ocrx_word' id='word_1_19' title='bbox 975 716 1126 789; x_wconf 80' lang='lat' dir='ltr'>senibus</span> <span class='ocrx_word' id='word_1_20' title='bbox 1143 716 1275 789; x_wconf 80' lang='lat' dir='ltr'>cerebri</span> <span class='ocrx_word' id='word_1_21' title='bbox 1374 690 1377 831; x_wconf 64' lang='lat' dir='ltr'>l</span> 
     </span>
     <span class='ocr_line' id='line_1_5' title="bbox 283 834 1377 1017; baseline -0.006 -106"><span class='ocrx_word' id='word_1_22' title='bbox 283 862 460 913; x_wconf 79' lang='lat' dir='ltr'>vasorum</span> <span class='ocrx_word' id='word_1_23' title='bbox 484 838 632 910; x_wconf 85' lang='lat' dir='ltr'>tunicas</span> <span class='ocrx_word' id='word_1_24' title='bbox 641 860 777 935; x_wconf 86' lang='lat' dir='ltr'>reapse</span> <span class='ocrx_word' id='word_1_25' title='bbox 797 834 939 907; x_wconf 83' lang='lat' dir='ltr'>offendi</span> <span class='ocrx_word' id='word_1_26' title='bbox 955 858 1035 907; x_wconf 90' lang='lat' dir='ltr'>non</span> <span class='ocrx_word' id='word_1_27' title='bbox 1051 860 1129 907; x_wconf 90' lang='lat' dir='ltr'>uno</span> <span class='ocrx_word' id='word_1_28' title='bbox 1143 835 1183 905; x_wconf 89' lang='lat' dir='ltr'>in</span> <span class='ocrx_word' id='word_1_29' title='bbox 1200 836 1275 906; x_wconf 86' lang='lat' dir='ltr'>loco</span> <span class='ocrx_word' id='word_1_30' title='bbox 1374 844 1377 1017; x_wconf 52' lang='grc' dir='ltr'>ι</span> 
     </span>
     <span class='ocr_line' id='line_1_6' title="bbox 283 951 1376 1051; baseline -0.007 -21"><span class='ocrx_word' id='word_1_31' title='bbox 283 958 330 1030; x_wconf 93' lang='lat' dir='ltr'>ab</span> <span class='ocrx_word' id='word_1_32' title='bbox 348 958 464 1029; x_wconf 86' lang='lat' dir='ltr'>osseis</span> <span class='ocrx_word' id='word_1_33' title='bbox 479 955 621 1026; x_wconf 87' lang='lat' dir='ltr'>innatis</span> <span class='ocrx_word' id='word_1_34' title='bbox 638 951 806 1025; x_wconf 80' lang='lat' dir='ltr'>frustulis</span> <span class='ocrx_word' id='word_1_35' title='bbox 826 952 981 1050; x_wconf 84' lang='lat' dir='ltr'>rigidas,</span> <span class='ocrx_word' id='word_1_36' title='bbox 1000 954 1203 1051; x_wconf 74' lang='lat' dir='ltr'>prasertim</span> <span class='ocrx_word' id='word_1_37' title='bbox 1222 977 1275 1023; x_wconf 87' lang='lat' dir='ltr'>ca·</span> <span class='ocrx_word' id='word_1_38' title='bbox 1375 1024 1376 1031; x_wconf 7' lang='grc' dir='ltr'>χ</span> 
     </span>
     <span class='ocr_line' id='line_1_7' title="bbox 194 1067 1275 1172; baseline -0.007 -24"><span class='ocrx_word' id='word_1_39' title='bbox 194 1132 196 1136; x_wconf 24' lang='lat' dir='ltr'>v</span> <span class='ocrx_word' id='word_1_40' title='bbox 282 1075 449 1148; x_wconf 88' lang='lat' dir='ltr'>rotidum</span> <span class='ocrx_word' id='word_1_41' title='bbox 467 1096 542 1172; x_wconf 86' lang='lat' dir='ltr'>qua</span> <span class='ocrx_word' id='word_1_42' title='bbox 561 1072 608 1143; x_wconf 92' lang='lat' dir='ltr'>ad</span> <span class='ocrx_word' id='word_1_43' title='bbox 627 1072 742 1142; x_wconf 87' lang='lat' dir='ltr'>latera</span> <span class='ocrx_word' id='word_1_44' title='bbox 759 1071 856 1143; x_wconf 85' lang='lat' dir='ltr'>sellae</span> <span class='ocrx_word' id='word_1_45' title='bbox 875 1073 1019 1168; x_wconf 80' lang='lat' dir='ltr'>equinae</span> <span class='ocrx_word' id='word_1_46' title='bbox 1036 1067 1275 1170; x_wconf 55' lang='lat' dir='ltr'>tantopere‘se</span> 
     </span>
    </p>
   </div>
   <div class='ocr_carea' id='block_1_3' title="bbox 131 1188 1282 3753">
    <p class='ocr_par' dir='ltr' id='par_1_3' title="bbox 220 1188 1277 1402">
     <span class='ocr_line' id='line_1_8' title="bbox 220 1188 1276 1288; baseline -0.007 -24"><span class='ocrx_word' id='word_1_47' title='bbox 220 1237 225 1243; x_wconf 89' lang='lat'>·</span> <span class='ocrx_word' id='word_1_48' title='bbox 282 1192 489 1264; x_wconf 85' lang='lat' dir='ltr'>inflectunt.</span> <span class='ocrx_word' id='word_1_49' title='bbox 512 1196 556 1260; x_wconf 87' lang='lat' dir='ltr'>In</span> <span class='ocrx_word' id='word_1_50' title='bbox 577 1190 763 1285; x_wconf 85' lang='lat' dir='ltr'>ejusmodi</span> <span class='ocrx_word' id='word_1_51' title='bbox 782 1210 870 1260; x_wconf 87' lang='lat' dir='ltr'>sane</span> <span class='ocrx_word' id='word_1_52' title='bbox 891 1188 1078 1285; x_wconf 81' lang='lat' dir='ltr'>capitibus</span> <span class='ocrx_word' id='word_1_53' title='bbox 1093 1189 1132 1259; x_wconf 89' lang='lat' dir='ltr'>id</span> <span class='ocrx_word' id='word_1_54' title='bbox 1148 1205 1276 1288; x_wconf 81' lang='lat' dir='ltr'>praeter</span> 
     </span>
     <span class='ocr_line' id='line_1_9' title="bbox 280 1305 1277 1402; baseline -0.008 -21"><span class='ocrx_word' id='word_1_55' title='bbox 280 1305 453 1381; x_wconf 86' lang='lat' dir='ltr'>naturam</span> <span class='ocrx_word' id='word_1_56' title='bbox 471 1308 660 1379; x_wconf 84' lang='lat' dir='ltr'>Cortesius</span> <span class='ocrx_word' id='word_1_57' title='bbox 671 1305 733 1402; x_wconf 77' lang='grc' dir='ltr'>(ι)</span> <span class='ocrx_word' id='word_1_58' title='bbox 744 1305 905 1393; x_wconf 88' lang='lat' dir='ltr'>viderat,</span> <span class='ocrx_word' id='word_1_59' title='bbox 921 1328 1008 1375; x_wconf 88' lang='lat' dir='ltr'>cnm</span> <span class='ocrx_word' id='word_1_60' title='bbox 1023 1305 1181 1402; x_wconf 75' lang='lat' dir='ltr'>perinde</span> <span class='ocrx_word' id='word_1_61' title='bbox 1194 1330 1235 1375; x_wconf 90' lang='lat' dir='ltr'>ac</span> <span class='ocrx_word' id='word_1_62' title='bbox 1251 1307 1277 1377; x_wconf 85' lang='lat' dir='ltr'>si</span> 
     </span>
    </p>

    <p class='ocr_par' dir='ltr' id='par_1_4' title="bbox 247 1422 1280 2346">
     <span class='ocr_line' id='line_1_10' title="bbox 247 1422 1278 1503; baseline -0.009 0"><span class='ocrx_word' id='word_1_63' title='bbox 247 1490 253 1503; x_wconf 85' lang='grc'><strong>.</strong></span> <span class='ocrx_word' id='word_1_64' title='bbox 282 1427 378 1498; x_wconf 87' lang='lat' dir='ltr'>nihil</span> <span class='ocrx_word' id='word_1_65' title='bbox 400 1426 472 1496; x_wconf 90' lang='lat' dir='ltr'>nisi</span> <span class='ocrx_word' id='word_1_66' title='bbox 491 1422 698 1497; x_wconf 87' lang='lat' dir='ltr'>secundum</span> <span class='ocrx_word' id='word_1_67' title='bbox 719 1437 891 1494; x_wconf 88' lang='lat' dir='ltr'>naturam</span> <span class='ocrx_word' id='word_1_68' title='bbox 903 1423 1063 1492; x_wconf 85' lang='lat' dir='ltr'>maxime</span> <span class='ocrx_word' id='word_1_69' title='bbox 1083 1446 1121 1493; x_wconf 88' lang='lat' dir='ltr'>se</span> <span class='ocrx_word' id='word_1_70' title='bbox 1140 1422 1278 1494; x_wconf 87' lang='lat' dir='ltr'>habens</span> 
     </span>
     <span class='ocr_line' id='line_1_11' title="bbox 283 1541 1277 1643; baseline -0.004 -29"><span class='ocrx_word' id='word_1_71' title='bbox 283 1558 536 1643; x_wconf 85' lang='lat' dir='ltr'>proponeret,</span> <span class='ocrx_word' id='word_1_72' title='bbox 555 1544 596 1611; x_wconf 94' lang='lat' dir='ltr'>in</span> <span class='ocrx_word' id='word_1_73' title='bbox 620 1565 748 1612; x_wconf 86' lang='lat' dir='ltr'>earum</span> <span class='ocrx_word' id='word_1_74' title='bbox 768 1544 927 1611; x_wconf 76' lang='lat' dir='ltr'>caritate</span> <span class='ocrx_word' id='word_1_75' title='bbox 950 1541 1189 1627; x_wconf 86' lang='lat' dir='ltr'>arteriarum,</span> <span class='ocrx_word' id='word_1_76' title='bbox 1208 1565 1277 1638; x_wconf 86' lang='lat' dir='ltr'>qua</span> 
     </span>
     <span class='ocr_line' id='line_1_12' title="bbox 284 1648 1278 1757; baseline -0.002 -26"><span class='ocrx_word' id='word_1_77' title='bbox 284 1667 473 1757; x_wconf 78' lang='lat' dir='ltr'>attingunt</span> <span class='ocrx_word' id='word_1_78' title='bbox 487 1658 711 1756; x_wconf 79' lang='lat' dir='ltr'>glandulam</span> <span class='ocrx_word' id='word_1_79' title='bbox 728 1658 976 1756; x_wconf 81' lang='lat' dir='ltr'>pituitariam,</span> <span class='ocrx_word' id='word_1_80' title='bbox 1004 1648 1080 1727; x_wconf 84' lang='lat' dir='ltr'>dua</span> <span class='ocrx_word' id='word_1_81' title='bbox 1091 1664 1202 1728; x_wconf 80' lang='lat' dir='ltr'>&#39;intus</span> <span class='ocrx_word' id='word_1_82' title='bbox 1219 1682 1278 1729; x_wconf 86' lang='lat' dir='ltr'>uo·</span> 
     </span>
     <span class='ocr_line' id='line_1_13' title="bbox 283 1766 1278 1871; baseline -0.005 -24"><span class='ocrx_word' id='word_1_83' title='bbox 283 1783 426 1848; x_wconf 86' lang='lat' dir='ltr'>tatione</span> <span class='ocrx_word' id='word_1_84' title='bbox 450 1766 587 1871; x_wconf 67' lang='lat' dir='ltr'>digna,</span> <span class='ocrx_word' id='word_1_85' title='bbox 607 1792 644 1847; x_wconf 84' lang='lat' dir='ltr'>et</span> <span class='ocrx_word' id='word_1_86' title='bbox 667 1803 693 1847; x_wconf 87' lang='lat' dir='ltr'>a</span> <span class='ocrx_word' id='word_1_87' title='bbox 715 1782 859 1846; x_wconf 87' lang='lat' dir='ltr'>nemine</span> <span class='ocrx_word' id='word_1_88' title='bbox 886 1776 1064 1871; x_wconf 77' lang='lat' dir='ltr'>hactenus</span> <span class='ocrx_word' id='word_1_89' title='bbox 1091 1776 1278 1845; x_wconf 79' lang='lat' dir='ltr'>observata</span> 
     </span>
     <span class='ocr_line' id='line_1_14' title="bbox 283 1884 1280 1991; baseline -0.004 -27"><span class='ocrx_word' id='word_1_90' title='bbox 283 1898 483 1978; x_wconf 75' lang='lat' dir='ltr'>contineri,</span> <span class='ocrx_word' id='word_1_91' title='bbox 518 1894 686 1990; x_wconf 82' lang='lat' dir='ltr'>scripsit3</span> <span class='ocrx_word' id='word_1_92' title='bbox 706 1884 946 1991; x_wconf 81' lang='lat' dir='ltr'>primumque</span> <span class='ocrx_word' id='word_1_93' title='bbox 973 1917 1066 1978; x_wconf 81' lang='lat' dir='ltr'>esse,</span> <span class='ocrx_word' id='word_1_94' title='bbox 1093 1898 1184 1989; x_wconf 85' lang='lat' dir='ltr'>quia</span> <span class='ocrx_word' id='word_1_95' title='bbox 1200 1906 1280 1962; x_wconf 80' lang='lat' dir='ltr'>sunt</span> 
     </span>
     <span class='ocr_line' id='line_1_15' title="bbox 282 2008 1278 2106; baseline 0 -25"><span class='ocrx_word' id='word_1_96' title='bbox 282 2008 427 2081; x_wconf 76' lang='lat' dir='ltr'>cellulae</span> <span class='ocrx_word' id='word_1_97' title='bbox 446 2009 621 2106; x_wconf 76' lang='lat' dir='ltr'>quaedam</span> <span class='ocrx_word' id='word_1_98' title='bbox 638 2016 807 2106; x_wconf 57' lang='lat' dir='ltr'>exiguam</span> <span class='ocrx_word' id='word_1_99' title='bbox 825 2009 984 2080; x_wconf 83' lang='lat' dir='ltr'>alterum</span> <span class='ocrx_word' id='word_1_100' title='bbox 992 2064 1003 2098; x_wconf 94' lang='lat'>,</span> <span class='ocrx_word' id='word_1_101' title='bbox 1025 2010 1128 2106; x_wconf 82' lang='lat' dir='ltr'>quod</span> <span class='ocrx_word' id='word_1_102' title='bbox 1139 2017 1214 2081; x_wconf 85' lang='lat' dir='ltr'>sint</span> <span class='ocrx_word' id='word_1_103' title='bbox 1231 2035 1278 2081; x_wconf 86' lang='lat' dir='ltr'>os·</span> 
     </span>
     <span class='ocr_line' id='line_1_16' title="bbox 273 2126 1279 2228; baseline 0 -29"><span class='ocrx_word' id='word_1_104' title='bbox 273 2127 399 2199; x_wconf 72' lang='lat' dir='ltr'>sicula</span> <span class='ocrx_word' id='word_1_105' title='bbox 423 2126 597 2224; x_wconf 85' lang='lat' dir='ltr'>quaedam</span> <span class='ocrx_word' id='word_1_106' title='bbox 613 2154 741 2228; x_wconf 80' lang='lat' dir='ltr'>parra</span> <span class='ocrx_word' id='word_1_107' title='bbox 757 2127 771 2225; x_wconf 72' lang='lat' dir='ltr'>l</span> <span class='ocrx_word' id='word_1_108' title='bbox 788 2128 912 2226; x_wconf 86' lang='lat' dir='ltr'>qualia</span> <span class='ocrx_word' id='word_1_109' title='bbox 931 2153 1024 2199; x_wconf 88' lang='lat' dir='ltr'>num</span> <span class='ocrx_word' id='word_1_110' title='bbox 1045 2144 1177 2226; x_wconf 87' lang='lat' dir='ltr'>postea</span> <span class='ocrx_word' id='word_1_111' title='bbox 1196 2131 1279 2199; x_wconf 83' lang='lat' dir='ltr'>Rio-</span> 
     </span>
     <span class='ocr_line' id='line_1_17' title="bbox 265 2234 1278 2346; baseline 0.005 -32"><span class='ocrx_word' id='word_1_112' title='bbox 265 2245 368 2314; x_wconf 81' lang='lat' dir='ltr'>‘lano</span> <span class='ocrx_word' id='word_1_113' title='bbox 386 2244 440 2340; x_wconf 76' lang='lat' dir='ltr'>(a)</span> <span class='ocrx_word' id='word_1_114' title='bbox 455 2235 609 2344; x_wconf 73' lang='lat' dir='ltr'>quoque</span> <span class='ocrx_word' id='word_1_115' title='bbox 621 2247 835 2344; x_wconf 83' lang='lat' dir='ltr'>imposuere</span> <span class='ocrx_word' id='word_1_116' title='bbox 848 2247 863 2316; x_wconf 67' lang='grc' dir='ltr'><strong><em>Ρ</em></strong></span> <span class='ocrx_word' id='word_1_117' title='bbox 875 2234 1028 2344; x_wconf 77' lang='lat' dir='ltr'>)eerum</span> <span class='ocrx_word' id='word_1_118' title='bbox 1041 2253 1180 2333; x_wconf 82' lang='lat' dir='ltr'>instar,</span> <span class='ocrx_word' id='word_1_119' title='bbox 1199 2272 1278 2346; x_wconf 79' lang='lat' dir='ltr'>quae</span> 
     </span>
    </p>

    <p class='ocr_par' dir='ltr' id='par_1_5' title="bbox 131 2358 1279 2578">
     <span class='ocr_line' id='line_1_18' title="bbox 131 2358 1278 2462; baseline 0.004 -32"><span class='ocrx_word' id='word_1_120' title='bbox 131 2358 135 2361; x_wconf 72' lang='grc'><strong>’</strong></span> <span class='ocrx_word' id='word_1_121' title='bbox 203 2452 206 2455; x_wconf 20' lang='lat'><strong>¹</strong></span> <span class='ocrx_word' id='word_1_122' title='bbox 282 2362 354 2431; x_wconf 71' lang='lat' dir='ltr'>ad¹</span> <span class='ocrx_word' id='word_1_123' title='bbox 370 2362 547 2433; x_wconf 82' lang='lat' dir='ltr'>articulos</span> <span class='ocrx_word' id='word_1_124' title='bbox 578 2363 779 2459; x_wconf 83' lang='lat' dir='ltr'>digitorum</span> <span class='ocrx_word' id='word_1_125' title='bbox 816 2370 1052 2462; x_wconf 81' lang='lat' dir='ltr'>reperiuntur</span> <span class='ocrx_word' id='word_1_126' title='bbox 1078 2365 1278 2460; x_wconf 77' lang='lat' dir='ltr'>rigmoidea</span> 
     </span>
     <span class='ocr_line' id='line_1_19' title="bbox 281 2462 1279 2578; baseline 0.002 -28"><span class='ocrx_word' id='word_1_127' title='bbox 281 2479 563 2575; x_wconf 83' lang='lat' dir='ltr'>(sesamoidea)</span> <span class='ocrx_word' id='word_1_128' title='bbox 582 2480 778 2578; x_wconf 81' lang='lat' dir='ltr'>appellata</span> <span class='ocrx_word' id='word_1_129' title='bbox 781 2534 840 2550; x_wconf 85' lang='grc'><strong>.....</strong></span> <span class='ocrx_word' id='word_1_130' title='bbox 844 2480 911 2551; x_wconf 85' lang='lat' dir='ltr'>sed</span> <span class='ocrx_word' id='word_1_131' title='bbox 922 2462 999 2552; x_wconf 83' lang='lat' dir='ltr'>non</span> <span class='ocrx_word' id='word_1_132' title='bbox 1014 2480 1135 2553; x_wconf 79' lang='lat' dir='ltr'>solum</span> <span class='ocrx_word' id='word_1_133' title='bbox 1153 2487 1192 2552; x_wconf 88' lang='lat' dir='ltr'>in</span> <span class='ocrx_word' id='word_1_134' title='bbox 1210 2483 1279 2552; x_wconf 83' lang='lat' dir='ltr'>hac</span> 
     </span>
    </p>

    <p class='ocr_par' dir='ltr' id='par_1_6' title="bbox 163 2589 1280 3270">
     <span class='ocr_line' id='line_1_20' title="bbox 163 2589 1279 2692; baseline 0.004 -28"><span class='ocrx_word' id='word_1_135' title='bbox 163 2589 168 2596; x_wconf 79' lang='grc'><em>’</em></span> <span class='ocrx_word' id='word_1_136' title='bbox 272 2612 390 2692; x_wconf 84' lang='lat' dir='ltr'>parte</span> <span class='ocrx_word' id='word_1_137' title='bbox 417 2604 577 2669; x_wconf 80' lang='lat' dir='ltr'>arterias</span> <span class='ocrx_word' id='word_1_138' title='bbox 602 2604 640 2667; x_wconf 85' lang='lat' dir='ltr'>in</span> <span class='ocrx_word' id='word_1_139' title='bbox 669 2623 707 2669; x_wconf 85' lang='lat' dir='ltr'>sa</span> <span class='ocrx_word' id='word_1_140' title='bbox 734 2597 893 2671; x_wconf 82' lang='lat' dir='ltr'>ossicula</span> <span class='ocrx_word' id='word_1_141' title='bbox 917 2605 1126 2688; x_wconf 79' lang='lat' dir='ltr'>conta&#39;nere,</span> <span class='ocrx_word' id='word_1_142' title='bbox 1153 2624 1279 2672; x_wconf 80' lang='lat' dir='ltr'>uerum</span> 
     </span>
     <span class='ocr_line' id='line_1_21' title="bbox 207 2712 1279 2813; baseline 0.003 -32"><span class='ocrx_word' id='word_1_143' title='bbox 207 2752 211 2759; x_wconf 92' lang='lat'><strong>·</strong></span> <span class='ocrx_word' id='word_1_144' title='bbox 282 2719 395 2784; x_wconf 85' lang='lat' dir='ltr'>ctiam</span> <span class='ocrx_word' id='word_1_145' title='bbox 414 2721 452 2785; x_wconf 91' lang='lat' dir='ltr'>in</span> <span class='ocrx_word' id='word_1_146' title='bbox 466 2716 576 2804; x_wconf 79' lang='lat' dir='ltr'>aliis,</span> <span class='ocrx_word' id='word_1_147' title='bbox 599 2731 641 2786; x_wconf 91' lang='lat' dir='ltr'>ut</span> <span class='ocrx_word' id='word_1_148' title='bbox 655 2716 886 2813; x_wconf 57' lang='lat' dir='ltr'>experientia</span> <span class='ocrx_word' id='word_1_149' title='bbox 904 2712 987 2810; x_wconf 56' lang='lat' dir='ltr'>nisa</span> <span class='ocrx_word' id='word_1_150' title='bbox 1000 2712 1178 2784; x_wconf 80' lang='lat' dir='ltr'>hactenus</span> <span class='ocrx_word' id='word_1_151' title='bbox 1189 2739 1279 2812; x_wconf 85' lang='lat' dir='ltr'>pro·</span> 
     </span>
     <span class='ocr_line' id='line_1_22' title="bbox 280 2832 1277 2932; baseline 0 -30"><span class='ocrx_word' id='word_1_152' title='bbox 280 2834 401 2903; x_wconf 71' lang='lat' dir='ltr'>bavit:</span> <span class='ocrx_word' id='word_1_153' title='bbox 429 2835 534 2931; x_wconf 85' lang='lat' dir='ltr'>quad</span> <span class='ocrx_word' id='word_1_154' title='bbox 555 2834 724 2932; x_wconf 85' lang='lat' dir='ltr'>quidem,</span> <span class='ocrx_word' id='word_1_155' title='bbox 743 2833 867 2929; x_wconf 89' lang='lat' dir='ltr'>inquit</span> <span class='ocrx_word' id='word_1_156' title='bbox 879 2832 1175 2923; x_wconf 81' lang='lat' dir='ltr'>,factumfuirse</span> <span class='ocrx_word' id='word_1_157' title='bbox 1183 2847 1277 2930; x_wconf 85' lang='lat' dir='ltr'>puto</span> 
     </span>
     <span class='ocr_line' id='line_1_23' title="bbox 279 2949 1278 3059; baseline 0.001 -41"><span class='ocrx_word' id='word_1_158' title='bbox 279 2973 357 3019; x_wconf 81' lang='lat' dir='ltr'>nan</span> <span class='ocrx_word' id='word_1_159' title='bbox 372 2957 450 3021; x_wconf 80' lang='lat' dir='ltr'>aine</span> <span class='ocrx_word' id='word_1_160' title='bbox 464 2959 634 3023; x_wconf 71' lang='lat' dir='ltr'>inanima</span> <span class='ocrx_word' id='word_1_161' title='bbox 653 2966 802 3022; x_wconf 68' lang='lat' dir='ltr'>naturae</span> <span class='ocrx_word' id='word_1_162' title='bbox 809 2949 1075 3059; x_wconf 73' lang='lat' dir='ltr'>providentia,</span> <span class='ocrx_word' id='word_1_163' title='bbox 1096 2956 1181 3046; x_wconf 71' lang='lat' dir='ltr'>quau</span> <span class='ocrx_word' id='word_1_164' title='bbox 1191 2975 1278 3050; x_wconf 83' lang='lat' dir='ltr'>per·</span> 
     </span>
     <span class='ocr_line' id='line_1_24' title="bbox 271 3065 1280 3165; baseline 0.001 -29"><span class='ocrx_word' id='word_1_165' title='bbox 271 3081 391 3162; x_wconf 86' lang='lat' dir='ltr'>petuo</span> <span class='ocrx_word' id='word_1_166' title='bbox 416 3082 526 3136; x_wconf 85' lang='lat' dir='ltr'>curat</span> <span class='ocrx_word' id='word_1_167' title='bbox 549 3093 614 3138; x_wconf 81' lang='lat' dir='ltr'>ear</span> <span class='ocrx_word' id='word_1_168' title='bbox 642 3083 793 3165; x_wconf 83' lang='lat' dir='ltr'>apertas</span> <span class='ocrx_word' id='word_1_169' title='bbox 819 3065 986 3165; x_wconf 85' lang='lat' dir='ltr'>quodam</span> <span class='ocrx_word' id='word_1_170' title='bbox 1002 3066 1136 3153; x_wconf 89' lang='lat' dir='ltr'>modo,</span> <span class='ocrx_word' id='word_1_171' title='bbox 1157 3082 1196 3137; x_wconf 85' lang='lat' dir='ltr'>et</span> <span class='ocrx_word' id='word_1_172' title='bbox 1210 3066 1280 3137; x_wconf 82' lang='lat' dir='ltr'>ele-</span> 
     </span>
     <span class='ocr_line' id='line_1_25' title="bbox 279 3170 1277 3270; baseline 0 -18"><span class='ocrx_word' id='word_1_173' title='bbox 279 3196 384 3252; x_wconf 76' lang='lat' dir='ltr'>vatas</span> <span class='ocrx_word' id='word_1_174' title='bbox 418 3170 517 3270; x_wconf 70' lang='lat' dir='ltr'>esce,</span> <span class='ocrx_word' id='word_1_175' title='bbox 550 3198 592 3253; x_wconf 88' lang='lat' dir='ltr'>ut</span> <span class='ocrx_word' id='word_1_176' title='bbox 614 3184 875 3257; x_wconf 77' lang='lat' dir='ltr'>dilatationem</span> <span class='ocrx_word' id='word_1_177' title='bbox 903 3191 1081 3255; x_wconf 79' lang='lat' dir='ltr'>sustinere</span> <span class='ocrx_word' id='word_1_178' title='bbox 1112 3184 1277 3255; x_wconf 82' lang='lat' dir='ltr'>valeant.</span> 
     </span>
    </p>

    <p class='ocr_par' dir='ltr' id='par_1_7' title="bbox 242 3284 1282 3753">
     <span class='ocr_line' id='line_1_26' title="bbox 242 3284 1278 3400; baseline 0.008 -34"><span class='ocrx_word' id='word_1_179' title='bbox 242 3358 245 3365; x_wconf 79' lang='grc'>,</span> <span class='ocrx_word' id='word_1_180' title='bbox 276 3298 355 3396; x_wconf 83' lang='lat' dir='ltr'>Ego</span> <span class='ocrx_word' id='word_1_181' title='bbox 379 3324 471 3371; x_wconf 90' lang='lat' dir='ltr'>vero</span> <span class='ocrx_word' id='word_1_182' title='bbox 499 3326 585 3372; x_wconf 85' lang='lat' dir='ltr'>cum</span> <span class='ocrx_word' id='word_1_183' title='bbox 605 3302 713 3391; x_wconf 81' lang='lat' dir='ltr'>alibi,</span> <span class='ocrx_word' id='word_1_184' title='bbox 737 3316 819 3374; x_wconf 92' lang='lat' dir='ltr'>tum</span> <span class='ocrx_word' id='word_1_185' title='bbox 841 3303 1046 3400; x_wconf 71' lang='lat' dir='ltr'>presertim</span> <span class='ocrx_word' id='word_1_186' title='bbox 1063 3284 1278 3374; x_wconf 48' lang='lat' dir='ltr'>in&#39;cerebro</span> 
     </span>
     <span class='ocr_line' id='line_1_27' title="bbox 279 3416 1280 3517; baseline 0.004 -33"><span class='ocrx_word' id='word_1_187' title='bbox 279 3418 329 3486; x_wconf 88' lang='lat' dir='ltr'>ita</span> <span class='ocrx_word' id='word_1_188' title='bbox 347 3416 578 3489; x_wconf 85' lang='lat' dir='ltr'>moderatam</span> <span class='ocrx_word' id='word_1_189' title='bbox 600 3442 678 3491; x_wconf 88' lang='lat' dir='ltr'>esse</span> <span class='ocrx_word' id='word_1_190' title='bbox 700 3433 871 3490; x_wconf 87' lang='lat' dir='ltr'>naturam</span> <span class='ocrx_word' id='word_1_191' title='bbox 891 3419 1002 3489; x_wconf 86' lang='lat' dir='ltr'>video</span> <span class='ocrx_word' id='word_1_192' title='bbox 1023 3445 1106 3517; x_wconf 84' lang='lat' dir='ltr'>quae</span> <span class='ocrx_word' id='word_1_193' title='bbox 1131 3420 1178 3490; x_wconf 89' lang='lat' dir='ltr'>ad</span> <span class='ocrx_word' id='word_1_194' title='bbox 1198 3417 1280 3492; x_wconf 83' lang='lat' dir='ltr'>san·</span> 
     </span>
     <span class='ocr_line' id='line_1_28' title="bbox 276 3535 1278 3633; baseline 0.006 -33"><span class='ocrx_word' id='word_1_195' title='bbox 276 3535 402 3629; x_wconf 85' lang='lat' dir='ltr'>guinis</span> <span class='ocrx_word' id='word_1_196' title='bbox 420 3538 580 3608; x_wconf 88' lang='lat' dir='ltr'>attinent</span> <span class='ocrx_word' id='word_1_197' title='bbox 600 3538 920 3624; x_wconf 86' lang='lat' dir='ltr'>circumitionem,</span> <span class='ocrx_word' id='word_1_198' title='bbox 941 3552 984 3608; x_wconf 88' lang='lat' dir='ltr'>ut</span> <span class='ocrx_word' id='word_1_199' title='bbox 1003 3539 1033 3607; x_wconf 86' lang='lat' dir='ltr'>si</span> <span class='ocrx_word' id='word_1_200' title='bbox 1048 3538 1142 3633; x_wconf 90' lang='lat' dir='ltr'>quid</span> <span class='ocrx_word' id='word_1_201' title='bbox 1156 3553 1278 3609; x_wconf 87' lang='lat' dir='ltr'>tamen</span> 
     </span>
     <span class='ocr_line' id='line_1_29' title="bbox 278 3651 1282 3753; baseline 0.007 -34"><span class='ocrx_word' id='word_1_202' title='bbox 278 3651 404 3721; x_wconf 90' lang='lat' dir='ltr'>morbi</span> <span class='ocrx_word' id='word_1_203' title='bbox 424 3655 461 3722; x_wconf 88' lang='lat' dir='ltr'>vi</span> <span class='ocrx_word' id='word_1_204' title='bbox 480 3656 624 3725; x_wconf 81' lang='lat' dir='ltr'>oriatur</span> <span class='ocrx_word' id='word_1_205' title='bbox 643 3654 746 3750; x_wconf 88' lang='lat' dir='ltr'>quod</span> <span class='ocrx_word' id='word_1_206' title='bbox 760 3655 952 3752; x_wconf 81' lang='lat' dir='ltr'>sanguinis</span> <span class='ocrx_word' id='word_1_207' title='bbox 971 3669 1035 3725; x_wconf 90' lang='lat' dir='ltr'>aut</span> <span class='ocrx_word' id='word_1_208' title='bbox 1053 3656 1282 3753; x_wconf 85' lang='lat' dir='ltr'>ingressum,</span> 
     </span>
    </p>
   </div>
   <div class='ocr_carea' id='block_1_4' title="bbox 316 3928 1240 4106">
    <p class='ocr_par' dir='ltr' id='par_1_8' title="bbox 316 3928 1240 4106">
     <span class='ocr_line' id='line_1_30' title="bbox 319 3928 843 4005; baseline 0.008 -22"><span class='ocrx_word' id='word_1_209' title='bbox 319 3928 362 4005; x_wconf 81' lang='grc' dir='ltr'>(ι)</span> <span class='ocrx_word' id='word_1_210' title='bbox 383 3930 507 3986; x_wconf 83' lang='lat' dir='ltr'>Miscell.</span> <span class='ocrx_word' id='word_1_211' title='bbox 525 3931 634 3987; x_wconf 86' lang='lat' dir='ltr'>Medic.</span> <span class='ocrx_word' id='word_1_212' title='bbox 648 3932 712 3996; x_wconf 70' lang='lat' dir='ltr'>dec,</span> <span class='ocrx_word' id='word_1_213' title='bbox 730 3953 761 4004; x_wconf 89' lang='lat'>1,</span> <span class='ocrx_word' id='word_1_214' title='bbox 775 3953 800 3989; x_wconf 87' lang='lat' dir='ltr'>c.</span> <span class='ocrx_word' id='word_1_215' title='bbox 815 3952 843 4003; x_wconf 82' lang='lat'>7.</span> 
     </span>
     <span class='ocr_line' id='line_1_31' title="bbox 316 4028 1240 4106; baseline 0.003 -23"><span class='ocrx_word' id='word_1_216' title='bbox 316 4028 360 4106; x_wconf 84' lang='lat'>(2)</span> <span class='ocrx_word' id='word_1_217' title='bbox 382 4030 520 4085; x_wconf 83' lang='lat' dir='ltr'>Animad.</span> <span class='ocrx_word' id='word_1_218' title='bbox 539 4031 570 4086; x_wconf 90' lang='lat' dir='ltr'>in</span> <span class='ocrx_word' id='word_1_219' title='bbox 585 4030 748 4088; x_wconf 85' lang='lat' dir='ltr'>Barthol&#39;m.</span> <span class='ocrx_word' id='word_1_220' title='bbox 764 4036 850 4089; x_wconf 84' lang='lat' dir='ltr'>Anat.</span> <span class='ocrx_word' id='word_1_221' title='bbox 870 4034 890 4088; x_wconf 91' lang='lat' dir='ltr'>l.</span> <span class='ocrx_word' id='word_1_222' title='bbox 906 4033 942 4099; x_wconf 83' lang='lat' dir='ltr'>de</span> <span class='ocrx_word' id='word_1_223' title='bbox 954 4034 1045 4089; x_wconf 80' lang='lat' dir='ltr'>Venis</span> <span class='ocrx_word' id='word_1_224' title='bbox 1056 4052 1080 4089; x_wconf 87' lang='lat' dir='ltr'>e.</span> <span class='ocrx_word' id='word_1_225' title='bbox 1098 4051 1130 4103; x_wconf 82' lang='lat' dir='ltr'>a,</span> <span class='ocrx_word' id='word_1_226' title='bbox 1144 4033 1176 4088; x_wconf 84' lang='lat' dir='ltr'>in</span> <span class='ocrx_word' id='word_1_227' title='bbox 1192 4031 1240 4089; x_wconf 85' lang='lat' dir='ltr'>fin.</span> 
     </span>
    </p>
   </div>
   <div class='ocr_carea' id='block_1_5' title="bbox 0 0 1392 4666">
    <p class='ocr_par' dir='ltr' id='par_1_9' title="bbox 0 0 1392 4666">
     <span class='ocr_line' id='line_1_32' title="bbox 0 0 1392 4666; baseline 0 0"><span class='ocrx_word' id='word_1_228' title='bbox 0 0 1392 4666; x_wconf 95' lang='lat' dir='ltr'> </span> 
     </span>
    </p>
   </div>
  </div>
 </body>
</html>
