2782 4668
273 459 345 547 408
437 480 484 527 nn
510 478 655 527 sumnus
680 480 725 527 ni·
749 478 872 528 censis
896 476 1105 528 nonnonun

272 619 353 665 non
372 594 445 664 levi
469 617 555 663 cum
573 592 838 683 incommodo,
865 608 902 665 et
924 593 1056 665 dolore
1082 592 1278 681 fecerunt,

273 725 315 782 ut
334 734 430 807 puer
445 709 492 781 de
510 716 588 808 qu'o
605 710 652 781 ad
669 711 808 808 regiam
826 710 1104 783 Londinensem
1120 715 1279 782 Societa-

272 843 347 900 tem
365 828 491 900 retulit
515 827 683 899 Meadius
708 827 783 923 (1);
812 828 874 898 alii
896 853 986 900 vero
1012 844 1077 899 aut
1096 854 1186 899 cum
1200 829 1278 923 jam

272 948 381 1044 pejus
399 940 602 1026 haberent,
615 959 680 1015 aut
691 968 778 1016 cum
790 946 876 1042 plus
890 945 1093 1033 bibissent,
1109 945 1201 1015 hinc
1211 959 1277 1015 aut

272 1063 417 1135 obortis
434 1061 767 1133 vehementissimis
782 1061 1114 1150 convulsionibus,
1127 1077 1193 1133 aut
1207 1059 1279 1133 suf·

272 1177 457 1251 iocatione
474 1181 690 1276 ingruente,
711 1181 852 1250 mortui
866 1194 963 1251 sunt.
981 1180 1157 1270 Quorum
1181 1179 1276 1251 illud

270 1296 405 1368 accidit
420 1296 556 1394 virgini
573 1296 777 1369 Mutinensi
796 1295 843 1367 de
858 1321 931 1394 qua
943 1276 1277 1394 infra(2)comme·

271 1413 521 1501 morabimus3
538 1413 611 1483 hoc
628 1414 672 1485 iis
696 1413 899 1511 dequibus
921 1416 1111 1486 Avicennn
1138 1413 1277 1485 indica·

271 1534 338 1619 vit,
358 1531 435 1602 haee
453 1531 498 1601 de
517 1530 771 1629 hydrophobo
784 1585 794 1619 ,
809 1546 846 1603 et
858 1556 956 1629 aqua
970 1531 1140 1604 scribens
1155 1531 1225 1629 (3),
1240 1548 1278 1602 et

270 1650 497 1748 quandoque
510 1651 635 1721 sorbet
651 1674 699 1720 ea
715 1674 780 1738 ea,
800 1674 918 1749 qnare
934 1648 1195 1747 strangulatur
1203 1675 1277 1748 per

271 1792 373 1857 earn,
391 1783 427 1838 et
443 1774 610 1838 moritur.
629 1769 759 1840 Caeteri
774 1783 920 1857 autem,
935 1769 1002 1866 qui
1017 1791 1106 1839 cuin
1121 1769 1275 1839 rationis
1380 1770 1382 1849 ³,

273 1902 395 1958 essent
412 1902 626 1983 compoteS,
644 1899 748 1974 sunt,
768 1910 835 1957 cur
852 1910 932 1957 non
945 1883 1143 1972 biberent,
1162 1885 1273 1955 inter·
1382 1916 1383 1941 κ

271 2001 1275 2100 rogati,responderuntobfauciumgulaevemagnam
1383 2014 1384 2047 ³

273 2126 484 2217 angustiam
502 2134 541 2191 et
557 2126 874 2209 constrictionem,
893 2135 936 2192 ut
952 2119 1071 2191 Salius
1094 2118 1151 2216 (4)
1166 2134 1273 2192 testa·

272 2253 351 2326 tur,
368 2253 406 2309 et
423 2239 677 2310 Aromatarius
701 2237 756 2336 (5)
774 2234 982 2309 confirmat.
1004 2242 1049 2308 Et
1068 2261 1160 2309 sane
1174 2238 1222 2309 iis
1238 2239 1274 2306 in
1386 2308 1387 2317 ,

273 2353 442 2451 partibus
459 2381 589 2454 reapse
614 2356 755 2429 habere
778 2356 956 2428 videntur
983 2354 1125 2453 aliquid
1157 2380 1179 2425 a
1201 2380 1275 2452 quo

274 2474 438 2570 potionis
456 2474 653 2574 deglutitio
664 2471 1276 2573 prohibeatur,utCaesalpinus(6)

273 2594 546 2691 comparaverit
563 2617 649 2663 eum
668 2591 892 2691 quibasdam
914 2597 1125 2688 anginosis,
1149 2592 1277 2687 quibus

269 2722 385 2804 potus
394 2733 472 2806 per
486 2735 596 2781 nares
616 2711 754 2806 efflatu
768 2711 1049 2808 putaveritque,
1065 2713 1111 2778 iis
1124 2705 1279 2780 convelli

269 2826 410 2922 galam.
439 2829 529 2915 Quae
551 2852 637 2898 cum
671 2828 820 2927 legisset
849 2826 1104 2898 Aromatarius
1128 2824 1186 2922 (7)
1216 2848 1279 2923 per

274 2943 345 3039 ipsi
362 2944 502 3014 mirum
520 2946 641 3016 visum
658 2960 733 3032 est,
751 2968 876 3042 neque
895 2943 1049 3029 Salium,
1067 2966 1195 3039 neque
1212 2947 1279 3013 Cae·

276 3061 461 3160 salpinum
482 3061 570 3133 inde
589 3062 628 3132 id
646 3061 750 3159 quod
770 3061 841 3132 sibi
857 3058 1098 3133 statuendum
1121 3061 1277 3130 omnino
