2798 4668
215 422 223 448 Ι
292 439 362 518 568
448 469 495 515 nr
522 466 668 516 srmnus
693 469 738 516 rr
762 464 887 518 cauus
913 469 1126 521 nonnarum
1213 498 1228 531 .

288 597 332 653 ut
356 582 480 653 minus
499 582 636 655 mirum
661 583 728 669 sit,
752 581 845 655 duas
863 580 981 655 ferme
999 610 1045 657 ex
1062 583 1221 654 Willisio
1240 579 1298 678 (r)

288 701 442 798 paginas
458 700 497 769 in
513 697 668 770 scholiis
677 699 726 768 ad
743 697 1045 775 observationem
1062 705 1114 771 III
1132 699 1298 796 descrip·

288 830 362 901 tas,
377 815 515 888 iterum
537 838 609 913 pru
629 814 774 887 scholio
793 814 842 887 ad
866 815 1171 889 observationem
1189 818 1294 886 XXX

288 931 438 1004 easdem
458 931 641 1005 describi·
653 937 835 1004 Caeterum
858 932 1078 1030 hujusmodi
1097 935 1139 1004 in
1161 932 1296 1031 primis

289 1064 377 1124 sunt
395 1050 599 1149 paralyses,
616 1052 656 1121 in
679 1049 817 1149 quibus
834 1047 997 1139 frustra,
1015 1051 1062 1123 ad
1081 1049 1296 1123 tollendam

221 1150 226 1159 ⁴
290 1192 438 1241 eausam
452 1222 462 1257 ,
478 1166 650 1239 resolutis
671 1166 841 1266 partibus
860 1167 1092 1240 adhibentur
1111 1167 1297 1241 remedia.

288 1285 344 1379 Ad
359 1284 566 1357 tollendam
584 1308 753 1373 causam,
772 1285 949 1383 inquam;
964 1311 1051 1357 narn
1064 1285 1239 1356 Valsalva
1247 1283 1296 1354 ad

291 1402 473 1475 fibrarum
488 1418 623 1474 tonum
635 1402 759 1500 aliqua
769 1403 913 1474 ratione
926 1402 1102 1476 adversus
1109 1403 1300 1500 majorem

290 1520 477 1593 laxitatem
487 1519 712 1592 servandum
725 1545 784 1607 se,
799 1519 947 1592 dicebat
956 1518 1176 1609 ,adhiberet
1197 1543 1301 1592 eam·

292 1638 455 1736 demque
472 1637 523 1710 ob
539 1662 687 1710 causam
698 1663 784 1709 eum
795 1636 843 1708 ad
857 1637 1076 1712 avertendas
1086 1637 1300 1735 apoplexiae

290 1757 429 1845 minas,
446 1757 666 1853 sanguinem
686 1780 706 1826 e
724 1755 992 1826 semirasolutis
1002 1755 1079 1851 jam
1093 1755 1159 1857 diu
1172 1757 1304 1825 mani-

291 1873 364 1946 bus
392 1871 601 1970 aliquando„
623 1873 740 1960 mitti,
765 1873 987 1969 imperaret,
1010 1869 1223 1971 imperabat
1252 1874 1302 1945 si·

292 1990 391 2078 mul,
412 2006 455 2062 ut
476 2015 580 2087 aquae
605 1988 691 2060 loco
722 1990 853 2060 vinum
875 1968 1079 2075 calefieret,
1103 1990 1143 2060 in
1169 2014 1303 2088 eoque

293 2086 454 2195 manus,
479 2122 522 2178 ut
552 2121 634 2178 tum
654 2105 740 2213 ¹fieri
768 2107 882 2195 solet,
913 2121 1156 2206 mergeretur.
1180 2109 1306 2199 Quae,
1396 2172 1397 2177 ,

295 2249 381 2296 cum
398 2224 575 2296 Valsalvae
591 2223 885 2296 eonsuetudines
903 2224 997 2295 scire
1011 2226 1158 2322 cupias,
1184 2225 1305 2297 nolui

293 2343 459 2413 reticere.
482 2343 598 2411 Porro
616 2342 714 2428 aliae,
734 2355 837 2412 extra
851 2341 1022 2423 cranium
1037 2366 1190 2438 quoque
1202 2364 1223 2432 ,¹
1236 2368 1307 2441 pa·

293 2460 424 2556 ralysis
441 2483 557 2532 causae
573 2474 679 2546 sunt,
698 2458 745 2530 ad
763 2483 856 2556 quas
875 2459 1018 2531 inutilis
1037 2483 1127 2531 usus
1151 2474 1210 2531 est
1236 2486 1305 2532 ex-

293 2591 490 2648 ternorum
507 2574 772 2647 remediorum.
797 2580 939 2647 Harum
964 2576 1100 2648 selecta
1122 2577 1304 2673 quaedam

296 2693 464 2790 exempla
484 2695 571 2764 satis
595 2693 665 2764 erit
684 2718 729 2764 ex
750 2697 933 2791 Cowpero
949 2692 1077 2790 (2),.et
1091 2693 1304 2768 Saltzman·

296 2835 348 2880 nu
364 2809 418 2906 (3)
437 2833 744 2881 commemorare.
768 2812 938 2906 Uterque
960 2811 1123 2907 partium
1140 2808 1305 2884 inferio·

296 2951 381 2997 rum
405 2926 673 2998 resolutionem
698 2925 874 2999 accidisse
900 2926 1172 3025 deprehendit,
1191 2933 1304 3000 Cow·

297 3042 476 3143 perusab
492 3042 651 3129 interno,
661 3057 826 3130 tumore,
843 3043 910 3140 qui
927 3041 1088 3114 duarum
1102 3043 1207 3118 dorsi
1221 3072 1306 3119 ver·
1397 3118 1398 3129 ,

295 3161 487 3233 tebrarum
500 3220 503 3225 .
516 3181 675 3264 corpora
702 3160 752 3232 ita
780 3158 973 3247 exederat,
1002 3177 1045 3233 ut
1073 3187 1142 3260 per
1164 3190 1303 3238 eorum

290 3279 433 3350 ,cariem
458 3276 626 3347 foramen
645 3276 787 3346 aditum
809 3276 993 3375 praeberet
1016 3277 1134 3377 digito
1154 3280 1204 3352 ad
1221 3309 1302 3355 me-

297 3394 439 3467 dullam
451 3396 567 3492 ipsam
581 3393 761 3493 spinalem
780 3386 1038 3484 immittend0'3
1053 3397 1302 3474 salamannus

298 3526 421 3582 autem
446 3509 493 3581 ab
514 3509 644 3581 eadem
666 3509 851 3599 medulla,
871 3534 950 3582 non
971 3536 1088 3610 parvo
1111 3513 1303 3609 ejusmodi

430 3853 436 3866 .
468 3833 500 3866 l.

137 3984 140 3992 Ι
337 3811 383 3982 idi
403 3815 469 3961 bete.
480 3822 564 3980 tLipr.
574 3945 583 3976 ,
595 3922 643 3963 au.
660 3908 744 3981 1699.
763 3909 805 3961 M.
819 3906 889 3963 Feb.
906 3923 940 3964 ae
955 3906 1027 3964 aab.
1041 3910 1093 3983 93.

238 4085 244 4094 ·
338 4003 383 4081 (3)
401 4006 469 4061 Act.
482 4005 520 4061 N.
539 4005 573 4061 C.
590 4015 612 4061 t.
631 4024 665 4078 a,
678 4007 750 4063 obs.
769 4023 834 4062 roa.
