2774 4670
186 408 254 455 arr
283 408 307 453 1.
335 407 382 453 nr
408 404 545 452 uourrs
570 403 865 468 car1r15‚r1³1sr.
893 406 927 487 ιι.
994 378 1063 477 509
1077 424 1083 467 χ

58 524 185 594 lllatus
206 530 334 592 autem
358 516 479 589 fuerat
500 518 542 587 in
559 518 798 589 Bononiense
819 522 851 587 S.
874 519 999 589 Mariae
1017 519 1064 589 de

58 646 138 712 vita
167 638 456 723 nosocomium,
483 634 551 705 ubi
574 650 611 707 et
637 632 775 724 febris,
806 637 1066 711 etconvulsio

61 781 133 856 qua
152 754 375 843 tenebatur,
397 754 521 851 agnita
548 769 620 841 est,
640 777 754 849 quam
774 752 947 824 videlicet
968 795 1067 828 aarum

60 872 252 972 appellant
277 873 407 943 Graeci.
426 873 456 943 Α
476 871 602 968 primo
618 894 694 967 quo
716 869 787 941 hac
807 884 887 941 toto
907 895 1067 969 corpore

64 990 272 1077 prehensus
287 1003 343 1060 est
356 988 437 1077 die,
455 987 502 1058 ad
520 1002 683 1059 mortem
699 1013 820 1085 usque
835 989 994 1059 multum
1011 1014 1069 1060 su·

62 1107 171 1183 davit
193 1111 297 1179 Mors
314 1120 459 1194 autem,
488 1103 549 1175 die
572 1107 706 1202 quinto
730 1106 905 1195 ineunte,
932 1131 1069 1178 novam

63 1226 361 1298 contractionem
382 1248 465 1321 quae
482 1217 624 1320 corpus
643 1223 684 1292 in
703 1223 801 1296 latus
817 1226 1005 1314 curvavit,
1019 1249 1072 1297 se·

66 1358 150 1415 cuta
168 1357 234 1414 est

112 1466 158 1531 In
176 1459 366 1534 cadaveris
386 1473 472 1530 cute
494 1458 619 1531 multae
636 1458 760 1531 rubrae
770 1460 947 1548 maculae;
961 1464 1001 1532 in
1019 1486 1075 1539 ce-

68 1578 180 1651 rebro
197 1591 323 1648 autem
343 1575 440 1647 nihil
464 1575 708 1647 adnotatione
728 1577 885 1675 dignum
909 1582 1075 1653 occurrit

68 1710 205 1795 practer
223 1717 455 1792 perpaucum
481 1717 629 1782 serum,
647 1693 765 1803 idque
781 1696 938 1785 salsum,
959 1697 999 1768 in
1026 1699 1075 1769 si·

68 1815 187 1886 nistro
204 1812 426 1885 ventriculo.
442 1810 610 1882 Thorace
620 1827 770 1909 aperto,
783 1814 822 1883 in
832 1815 984 1885 sinistro
997 1817 1076 1911 ejus

68 1955 158 2002 cavo
188 1953 293 2026 aquae
316 1930 436 2001 unciae
463 1928 608 2026 aliquot
631 1945 788 2027 repertae
815 1947 904 2003 suut
919 1960 927 2001 ι
943 1935 1076 2031 pulmo

68 2062 195 2123 autem
214 2060 376 2145 uterque
389 2045 552 2117 multum
566 2045 710 2120 rubens
725 2075 735 2138 ;
755 2048 803 2119 ad
817 2049 973 2123 dorsum
983 2077 1075 2150 prae·

69 2168 220 2237 sertim:
239 2158 492 2262 pericardium
512 2188 596 2235 sero
618 2167 777 2236 omnino
794 2168 961 2265 plenum.
982 2174 1073 2241 San-

69 2284 148 2382 guis
166 2307 303 2382 parum
319 2280 367 2355 ab
385 2281 548 2353 naturali
561 2280 681 2354 lluore
695 2302 907 2360 recesserat.
974 2290 976 2296 ⁴

117 2401 149 2473 3.
171 2397 374 2473 Affectioui
390 2397 481 2472 huic
500 2424 581 2470 non
597 2399 692 2470 adeo
711 2398 899 2498 frequenti
912 2405 1008 2477 illud
1022 2409 1075 2477 iu·
1108 2384 1111 2389 v

72 2542 181 2617 super
207 2517 361 2589 accessit
389 2515 494 2613 quod
519 2517 735 2587 Mercuriali
762 2542 848 2590 meo
872 2521 1073 2618 (1)risum

71 2632 200 2708 fuisset
210 2635 323 2733 louge
340 2634 592 2723 rarissimum,
605 2650 647 2707 ut
656 2638 842 2733 corpusin
852 2639 1073 2713 alterutrum

72 2752 163 2825 latus
188 2776 258 2851 per
285 2751 576 2823 convulsionem
596 2750 822 2826 flecteretur.
846 2761 1091 2855 Nunquams

72 2870 214 2968 iuquit,
233 2867 408 2941 videbitis
428 2868 621 2943 convulsos
648 2875 686 2940 in
712 2870 810 2944 alias
827 2891 962 2972 partes
990 2902 1076 2948 con-

75 2987 199 3073 traM,
220 2993 315 3058 etin
334 2986 432 3056 alias
448 2988 623 3083 figuras,
650 2993 766 3086 quam
785 2996 823 3060 iu
842 3006 915 3063 tres
930 3020 1077 3067 enume-

74 3119 177 3177 ratas
187 3158 198 3191 ,
217 3102 392 3176 videlicet
410 3118 453 3175 ut
470 3120 535 3176 aut
553 3107 647 3176 recti
665 3108 756 3194 sint,
778 3124 842 3179 aut
860 3127 1076 3185 antrorsum

76 3222 239 3311 curvati,
270 3236 334 3293 aut
353 3235 562 3294 retrorsum
590 3221 698 3293 llexi·
689 3250 924 3323 ‚nunquam
952 3248 1078 3305 autem

77 3336 337 3427 dextrorsum,
354 3352 419 3409 aut
439 3339 706 3411 sinistrorsum.
718 3342 831 3431 Quod
840 3361 964 3418 autem
976 3348 1078 3422 huuc

78 3468 244 3526 tetanum
265 3480 336 3554 per
360 3436 506 3553 aliquot
526 3455 606 3528 dies
626 3454 789 3527 faucium
814 3464 1001 3557 praecessit
1022 3468 1081 3537 in-

79 3572 341 3661 commodum,
358 3598 452 3643 num
465 3571 536 3700 sub
553 3597 599 3643 eo
615 3573 748 3645 latuit
739 3579 857 3673 ipsius
877 3583 993 3652 tetani
1010 3586 1081 3654 ini·

119 3949 164 4027 (r)
183 3954 315 4009 Praelect.
331 3954 432 4008 Patav.
449 3954 469 4008 l.
486 3972 516 4025 1,
529 3971 555 4009 c.
569 3950 618 4009 ιδ.
