2774 4670
293 440 362 531 47²
459 457 506 505 nr
531 454 676 505 sonions
700 455 745 502 rr
769 455 892 503 causis
917 432 1123 502 noanonorr

293 572 524 657 dictumest,
542 593 727 640 summam
738 569 917 667 pulsuum
927 570 1116 640 raritatem
1128 571 1293 662 inaequa·
1380 554 1381 581 ³

292 689 377 759 litas
391 701 547 784 repente
562 687 791 772 accessisset,
802 687 854 757 sic
869 700 911 756 ut
927 710 1090 783 persaepe
1100 684 1159 755 vel
1173 684 1292 753 multo

291 806 453 876 rariores
468 858 478 892 ,
498 802 634 874 deinde
652 827 731 872 non
747 804 865 900 magis
880 828 993 899 quam
1007 804 1190 888 solerent,
1205 824 1295 869 mox

291 922 453 992 rariores
486 919 606 990 multo
643 920 951 1017 perciperentur,
978 943 1097 1015 eaque
1131 941 1195 988 res
1225 938 1294 985 nos

293 1039 411 1133 magis
440 1034 620 1107 sollicitos
643 1034 800 1105 haberet
834 1051 1034 1132 propterea
1065 1028 1174 1131 quod
1203 1048 1294 1103 tunc

293 1151 451 1226 morbus
473 1152 614 1224 solebat
640 1152 771 1248 pulsus
797 1153 962 1249 primum
983 1154 1142 1223 omnino
1165 1149 1296 1222 obscu-

296 1296 399 1355 rare,
420 1284 456 1340 et
473 1268 610 1339 delude
629 1270 812 1340 continuo
822 1269 1015 1357 invadere,
1033 1292 1201 1365 cumque
1210 1265 1301 1339 frus·

283 1402 352 1458 tra
363 1410 445 1482 quae
456 1384 503 1455 ad
514 1384 737 1457 solvendum
751 1385 970 1482 sanguinem
983 1384 1299 1482 promovendum·

295 1529 370 1602 que
402 1502 624 1588 laudantur,
650 1503 794 1599 experti
822 1526 1012 1592 essemus;
1040 1503 1130 1600 opio
1159 1504 1297 1572 iterum

296 1619 405 1706 dato,
424 1620 559 1690 iterum
574 1621 700 1714 quieta
715 1641 792 1689 nox
806 1619 934 1708 rediit,
948 1644 1106 1717 eamque
1117 1619 1297 1717 pulsuum

289 1735 585 1832 inaequalitatem
604 1736 741 1805 minuit
747 1763 760 1820 ;
781 1758 893 1832 quam
910 1738 1154 1808 continuatus
1176 1738 1300 1834 quoti-
1380 1742 1381 1773 ¹

297 1854 358 1924 die
373 1850 443 1924 sub
455 1866 604 1922 noctem
615 1853 692 1948 opii
702 1876 793 1922 usus
806 1852 963 1923 omnino
974 1855 1141 1940 sustulit,
1152 1869 1192 1924 et
1201 1856 1299 1951 prio

296 1993 377 2040 rem
398 1968 586 2038 raritatem
612 1968 722 2038 etiam
743 1964 943 2040 imminuit.
972 1970 1154 2041 Pulsuum
1176 1984 1300 2042 autem

297 2087 429 2177 raritas
452 2108 499 2153 an
516 2083 563 2154 ab
592 2084 769 2181 epilepsia
787 2086 827 2156 in
854 2085 1199 2184 hypochondriacis
1221 2113 1298 2158 non

297 2202 483 2273 rarissime
509 2201 762 2298 relinquatur,
793 2204 990 2300 suspiceris
1024 2202 1181 2278 fortasse
1215 2230 1299 2277 cum

300 2314 399 2389 hanc
423 2333 589 2390 nostram
614 2332 651 2389 et
677 2319 767 2389 clari
790 2319 961 2391 Gerbezii
991 2320 1045 2417 (1)
1070 2321 1299 2393 observatio·

299 2459 389 2509 nem
410 2435 633 2522 contuleris,
647 2435 798 2532 ptdsum
817 2435 1063 2509 describentis
1084 2440 1125 2508 in
1143 2440 1298 2511 robusto
1379 2498 1380 2535 p

298 2550 381 2622 viro
399 2551 753 2648 hydrochondriaco
777 2552 931 2624 subinde
957 2553 1082 2624 leviter
1107 2556 1301 2628 insultibus
1379 2562 1380 2637 J

301 2667 503 2767 epilepticis
517 2670 705 2757 obnoxio,
721 2692 807 2739 cum
829 2692 941 2741 sanus
957 2686 1071 2759 esset,
1097 2672 1199 2743 adeo
1227 2690 1299 2743 tor·

302 2784 411 2873 dum,
428 2800 470 2855 ut
475 2791 703 2882 priusquam
721 2788 942 2882 subsequens
954 2788 1090 2885 pulsus
1106 2813 1300 2888 conseque·
1379 2770 1380 2849 l

302 2918 405 2973 retur
428 2901 723 2990 antecedentem,
735 2902 882 2993 facile,
905 2904 1012 3003 opud
1034 2905 1154 2977 olium
1172 2933 1299 2979 sanum

273 3088 278 3097 ,
303 3034 375 3091 tres
386 3019 623 3117 pulsationes
633 3025 887 3116 proeterirent.
906 3021 976 3092 Sed
997 3022 1043 3092 ad
1071 3040 1248 3096 nostrum
1263 3041 1300 3095 ut

302 3134 679 3233 redeam3postquam
691 3136 813 3223 ‚nulla
825 3138 901 3231 jam
914 3140 1125 3221 accessione
1144 3168 1217 3238 per
1230 3143 1298 3214 dies

288 3249 483 3323 tredecim
511 3251 710 3343 redeunte,
739 3253 817 3349 opii
847 3253 1080 3327 intermissus
1112 3273 1169 3330 est
1199 3284 1298 3346 usus,

302 3382 415 3438 nocte
437 3365 589 3462 quidem
606 3369 726 3463 prima
742 3390 821 3437 non
843 3370 956 3457 mala,
988 3370 1052 3441 sed
1073 3375 1297 3471 insequenti·

304 3484 398 3571 bus,
415 3481 466 3553 ob
484 3482 644 3579 vigilias,
663 3508 821 3580 eamque
838 3485 1011 3576 tandem,
1031 3489 1078 3560 de
1096 3516 1174 3587 qua
1196 3516 1296 3590 supra
1378 3570 1379 3609 ,

305 3600 448 3670 dictum
464 3612 533 3687 est,
543 3599 708 3695 spirandi
720 3597 993 3692 difficultatem,
1008 3605 1117 3677 valde
1128 3611 1296 3695 molestis
1378 3612 1379 3703 l

1378 3710 1379 3741 l

308 3816 1296 3844 mm

347 3952 389 4031 (ι)
410 3952 486 4028 pr.
502 3954 538 4008 N.
556 3954 587 4008 C.
607 3954 691 4011 Ceut.
711 3974 726 4026 7
743 3955 775 4011 in
789 3957 927 4033 Append.
