2774 4666
217 464 285 509 mr.
314 463 338 507 1.
360 463 412 525 ,nr
439 462 889 535 noarrscariris,u1›1sr.
917 466 982 535 iv.¹
1022 440 1090 513 205

80 576 195 647 illam
229 573 410 645 stomachi
444 589 487 645 ut
518 599 614 671 aeger
643 574 820 663 vocabat,
856 573 1091 649 allectionem

82 692 286 763 censuerit
295 690 342 789 ad
353 691 476 762 cordis
489 689 747 763 ssacciditatem
757 694 993 789 pertinuisse,
1005 719 1090 765 cum

83 806 283 897 stomachi
298 809 452 878 nomine
477 808 517 876 in
538 792 712 904 pluribus
732 823 944 881 nostrarum
966 812 1091 883 civita·
1113 897 1116 903 ἢ

82 938 174 994 tum
205 925 318 994 imam
348 923 574 1026 anteriorem
599 922 764 996 thoracis
788 927 981 1023 regionem
1003 931 1092 1026 aegri

85 1041 263 1128 soleant,
288 1041 407 1137 ignari
432 1054 648 1129 anatomes,
680 1039 883 1138 designare.
903 1044 1094 1138 Ejusmodi

86 1180 161 1228 cor
178 1158 402 1253 sanguinem
422 1157 579 1228 celerius
599 1158 823 1254 praesertim,
846 1174 889 1230 ut
907 1160 946 1229 in
965 1161 1094 1239 ambu-

85 1273 260 1362 latione,
292 1271 505 1345 alfluentem
533 1272 683 1345 videtur
710 1299 789 1345 non
817 1275 975 1347 multum
1008 1300 1094 1350 sane

88 1414 325 1490 promovere
336 1391 522 1487 potuisse:
541 1389 588 1461 ad
603 1390 848 1488 eamdemque
864 1392 988 1464 cordis
996 1392 1098 1464 infir-

84 1510 264 1580 mitatem
296 1509 445 1578 attinuit
475 1504 627 1580 fortasse
658 1523 737 1579 ater
770 1508 831 1580 ille
867 1510 1093 1606 pulmonum

89 1627 216 1698 color.
232 1629 283 1696 Ut
291 1640 334 1696 ut
353 1640 422 1714 est,
435 1626 630 1723 apoplexia
647 1651 729 1722 quae
744 1617 936 1697 hominem
949 1628 1095 1700 sustulit

87 1759 172 1815 tam
195 1743 305 1814 brevi
326 1744 468 1840 spatio,
490 1744 630 1841 quippe
655 1742 811 1815 flaccido
839 1759 876 1816 et
897 1744 1032 1832 corde,
1058 1759 1095 1816 et

91 1861 259 1934 cerebro
287 1861 411 1933 minus
436 1863 608 1931 resistere
630 1861 834 1950 valentem,
861 1862 950 1932 oriri
974 1862 1095 1957 potuit

89 1978 139 2051 ab
160 2002 248 2049 sero
261 1977 347 2067 illu,
362 2002 484 2076 pauco
501 1978 675 2075 quidem,
694 1979 758 2051 sed
780 1978 894 2066 salso,
915 1979 1093 2049 nimirum

91 2096 295 2167 vellicante
309 2097 526 2193 meningcm
540 2111 713 2183 tenuem,
738 2121 813 2193 qua
836 2097 946 2167 etiam
961 2097 1097 2166 ventri·

90 2215 172 2284 culi
189 2198 500 2301 convestiuntur,
520 2227 563 2283 ut
572 2230 772 2311 propterea
781 2213 1094 2284 insultusinitium

93 2329 213 2404 fuerit
231 2331 419 2428 epileptici
436 2332 570 2419 instar,
587 2331 652 2426 qui
670 2355 760 2400 mox
774 2331 813 2398 in
824 2331 1097 2426 apoplecticum

95 2449 394 2547 degeneraverit.
410 2452 501 2519 Non
511 2448 674 2525 estenim
694 2452 966 2533 inconveniens,
983 2473 1097 2516 anam

93 2565 343 2663 eamdemque
357 2558 552 2635 hamorem
569 2561 681 2632 modo
700 2559 962 2661 apoplexiam,
982 2561 1095 2633 modo

96 2682 319 2781 epilepsiam
341 2680 530 2767 inducere,
559 2679 711 2777 quando
741 2677 905 2774 quotidie
930 2680 1099 2751 observa-

96 2815 161 2870 tur
174 2853 204 2887 „
229 2797 506 2896 epilepticorum
536 2794 736 2892 plerosque
764 2820 790 2863 a
823 2800 1099 2891 superveniente

96 2915 310 3015 apoplexia
324 2940 344 2984 e
358 2913 479 2984 medio
500 2912 600 3001 tolli,
626 2927 668 2982 ut
691 2936 779 2982 ,vere
801 2910 931 2982 scribit
948 2913 1098 2982 Martia·

96 3060 172 3107 nus
191 3032 267 3130 (ι),
284 3032 349 3105 ubi
361 3055 444 3101 non
457 3028 819 3123 modoxconraln‘vos
836 3043 957 3109 matus
975 3052 1101 3098 omnes

97 3178 124 3222 a
140 3151 336 3223 stimulata
342 3150 536 3241 facultate
553 3146 780 3247 dependere,
802 3147 866 3221 sed
879 3147 1020 3220 etillud
1032 3147 1101 3218 do·
1137 3242 1139 3245 Ι

101 3284 182 3359 cet,
199 3264 468 3368 Hippocratem
484 3265 708 3362 impossibile
724 3289 801 3336 esse
818 3270 1100 3353 existimavere,

100 3386 293 3456 cerebram
311 3408 386 3454 non
406 3381 563 3455 convelli
571 3437 582 3469 ,
604 3382 692 3457 dam
705 3383 754 3453 ab
771 3378 837 3451 illa
846 3386 1004 3452 materia
1023 3386 1105 3450 acri

102 3509 301 3573 irritatur:
321 3516 357 3573 et
370 3526 458 3577 sane
477 3502 517 3572 in
535 3526 580 3573 co
592 3525 704 3598 quem
720 3513 886 3587 enarrat,
902 3499 1103 3569 vetustissi-

102 3621 157 3689 mi
176 3619 370 3715 scriptoris
389 3618 475 3689 loco
496 3608 636 3690 diserte.
655 3618 837 3714 scriptum
860 3630 934 3704 est,
950 3613 1072 3712 apopl
1090 3654 1107 3671 ·

145 3974 188 4050 (ι)
208 3977 322 4033 Annot.
342 3976 374 4030 in
385 3976 405 4031 l.
418 3975 562 4052 Hippoer.
576 3974 612 4033 dc
625 3974 733 4031 Gland.
750 3991 824 4031 vers.
844 3973 908 4027 103.
