2774 4666
268 418 338 504 248
433 441 479 486 or
505 440 652 489 sturnus
676 438 720 488 ar
745 430 869 488 cansrs
894 436 1103 488 uoaaoauu

311 557 507 644 Quartum
528 555 578 624 ita
597 556 689 642 sint,
716 578 795 624 non
815 568 870 624 est
888 576 957 626 cur
975 553 1124 626 dubites
1142 558 1256 653 perni-

264 673 403 743 ciosam
414 695 547 742 eorum
562 668 707 743 cerebri
716 672 1037 766 compressionem
1052 694 1257 769 agnoscere,

263 788 463 885 inquibus
487 811 573 859 cum
601 786 717 871 ferme
737 785 833 868 nihil
859 810 963 882 aquae
983 802 1091 858 antea
1114 790 1261 878 inesset,

261 908 338 1002 jam
358 920 533 1003 repente,
561 917 626 974 aut
646 905 745 974 intra
772 901 956 1001 perbreve
981 907 1164 1003 temporis
1185 931 1262 1004 spa·
1371 998 1372 1007 ἵ

262 1025 358 1094 tium
374 1024 482 1119 copia
496 1021 620 1119 aliqua
630 1017 866 1107 effundatur,
881 1034 946 1092 aut
958 1021 1169 1119 colligatur,
1181 1048 1264 1121 prae·
1371 1046 1372 1049 ’

261 1143 387 1213 sertim
408 1142 438 1211 si
465 1139 535 1210 alia
554 1139 733 1212 accedant
757 1164 840 1235 quae
866 1137 1065 1210 cerebrum
1085 1140 1199 1211 umul
1228 1141 1262 1211 in

261 1274 407 1331 arctum
425 1272 562 1355 cogant
582 1285 590 1327 ε
611 1278 776 1354 quorum
796 1257 931 1354 partim
951 1280 1063 1355 supra
1088 1257 1262 1346 indicavi,

261 1377 397 1474 partim
413 1400 499 1447 cum
513 1374 707 1447 historiam
719 1359 933 1472 proximam
942 1373 1010 1446 tibi
1020 1374 1262 1473 descripsero,

197 1498 200 1505 '
261 1517 350 1564 mox
369 1491 576 1586 subjiciam.

312 1610 369 1682 30.
397 1611 570 1682 Rusticus
586 1633 630 1680 ex
647 1632 737 1705 agro
752 1608 999 1692 Bononiensi,
1021 1632 1143 1679 annos
1157 1633 1263 1708 supra
1371 1592 1372 1623 ³

263 1706 452 1824 sexaginta
468 1743 595 1816 natus,
614 1751 636 1795 a
659 1725 773 1823 longo
789 1727 866 1822 jam
885 1741 1059 1824 ternpore
1084 1724 1213 1798 ulcera
1229 1729 1262 1797 in

262 1846 435 1917 cruribus
454 1843 617 1914 habebat
632 1843 797 1931 sordida,
811 1869 893 1940 quae
909 1845 1051 1932 sanari,
1068 1842 1264 1915 vehemen-

260 1980 319 2035 ter
337 1961 522 2059 cupiebat.
543 1965 674 2057 Itaque
687 1963 755 2032 etsi
763 1958 990 2033 maloferme
1004 1975 1083 2032 erat
1099 1963 1264 2059 corporis
1371 1980 1372 2049 ξ

260 2080 412 2166 habitu,
431 2102 500 2149 nec
520 2077 591 2148 nisi
610 2092 890 2182 sexto-quoque
913 2076 995 2165 die,
1015 2077 1264 2174 injectisque
1371 2132 1372 2153 ,

260 2197 386 2268 alvum
402 2194 678 2282 subducerent,
697 2192 796 2264 hanc
812 2193 1056 2281 exonerabat,
1075 2208 1203 2267 tamen
1215 2197 1264 2265 ni·
1371 2242 1372 2279 3

260 2314 331 2382 mis
358 2308 568 2382 officiosum
586 2310 808 2407 chirurgum
827 2324 978 2397 nactus,
994 2333 1052 2381 .eo
1078 2334 1161 2382 rem
1185 2328 1264 2411 post

259 2430 412 2501 tertium
430 2452 599 2498 mensem
626 2427 872 2525 perduxerat,
897 2442 940 2499 ut
965 2442 1121 2525 purgata
1140 2429 1262 2500 ulcera
1371 2440 1372 2447 ’

257 2547 333 2642 jam
353 2558 599 2617 senescerent.
619 2532 800 2615 Nondum
819 2544 971 2614 cicatrix
995 2543 1150 2617 inducta
1168 2562 1262 2635 erat,

259 2689 344 2734 cum
368 2672 525 2762 repente
546 2665 655 2760 queri
681 2656 795 2762 coepit
813 2663 859 2734 de
880 2686 1024 2735 summa
1045 2664 1178 2761 capitis
1198 2666 1263 2736 im·

257 2781 481 2865 becillitate3
501 2797 538 2852 et
553 2805 640 2852 sane
648 2782 870 2856 arteriarum
883 2805 1038 2878 quoque
1045 2780 1180 2877 pulsus
1194 2783 1264 2854 exi·
1371 2790 1372 2837 ῑ

258 2898 321 2997 gui
337 2913 465 2985 erant,
486 2913 523 2969 et
538 2896 819 2999 languidissimi.
841 2898 1022 2970 Postridie
1037 2922 1148 2969 mane
1171 2899 1263 2997 pris·

253 3017 334 3085 tina
351 3015 497 3085 arteriis
511 3012 568 3084 vis
578 3013 766 3103 redierat,
785 3040 912 3112 neque
928 3015 1119 3086 illibenter
1130 3014 1262 3088 cibum

259 3145 479 3229 sumpserat.
501 3128 572 3200 Sed
588 3129 648 3202 die
668 3133 779 3203 tertio
795 3131 954 3204 delirare
973 3134 1160 3231 primum,
1179 3156 1263 3203 mox

254 3263 379 3319 tactus
399 3271 551 3318 sensum
565 3261 646 3318 toto
661 3272 821 3347 corpore
835 3251 1027 3323 amittere:
1043 3249 1200 3322 brachia
1217 3265 1263 3321 ta-

256 3388 346 3434 men
369 3364 495 3459 jussus
521 3363 647 3436 adhuc
668 3364 878 3463 praebebat,
901 3382 945 3437 ut
968 3368 1110 3437 arteriae
1136 3378 1263 3464 tange

256 3497 414 3554 rentur:
443 3483 688 3580 postmodum
713 3486 753 3554 in
781 3499 945 3583 utroque
972 3483 1130 3557 brachio
1162 3485 1262 3581 signa
1288 3484 1291 3491 '

174 3592 178 3599 ’
258 3599 514 3671 animadversa
524 3600 857 3674 suntdistentionis
868 3610 1093 3675 nervorum:
1110 3600 1261 3672 demum
1345 3674 1348 3679 ,

257 3717 363 3786 omni
379 3717 581 3806 sentiendi,
592 3716 846 3817 movendique
856 3722 893 3790 vi
907 3721 1080 3806 orbatuS,
1095 3742 1175 3790 non
1185 3718 1260 3790 sine

245 3846 414 3903 *stertore
430 3833 554 3932 vivere
570 3832 693 3922 desiit,
708 3833 870 3909 humore
884 3836 980 3910 ssavo
993 3860 1072 3908 non
1087 3835 1209 3911 multo
1219 3857 1260 3905 ex

255 3963 418 4046 utraque
433 3952 575 4022 mortui
590 3977 680 4025 nare
698 3969 868 4028 exeunte.
971 4010 974 4019 ·
