2798 4668
308 446 377 519 582
471 471 517 515 nr
542 467 690 515 seorsus
714 468 759 514 nr
783 466 907 514 causis
932 468 1145 515 nonnosum

307 585 374 655 des
393 598 510 655 totam
529 581 633 655 illam
656 581 888 652 notissimam
905 605 951 652 ex
972 582 1186 657 innumeris
1212 607 1321 653 com-

308 717 453 800 pactam
464 700 658 787 vesiculis,
674 699 1039 797 limpidissimasqua
1048 699 1193 798 plenis,
1203 704 1321 797 Wep-

307 816 447 914 leri-(1)
469 817 631 905 molem;
650 817 721 888 nisi
742 839 828 887 cum
850 817 895 891 iis
917 814 1040 888 lacae
1057 817 1168 889 malis
1184 818 1255 914 qui
1274 818 1321 888 ad

308 934 454 1007 cerebri
483 937 600 1034 ipsius
632 934 878 1007 substantiam
909 949 1095 1032 spectasse
1127 936 1322 1005 existima·

307 1066 407 1129 runt.
426 1056 536 1124 Certe
559 1068 683 1124 autem
705 1050 956 1148 Hallerus(n),
976 1076 1063 1123 cum
1084 1051 1323 1125 observatio·

306 1195 394 1241 nem
412 1169 554 1244 indicat
571 1168 661 1240 clari
674 1168 850 1268 Spoerlini
867 1168 1091 1266 hydatidum
1107 1169 1200 1241 loco
1217 1196 1323 1241 cere·

306 1286 367 1359 bri
397 1290 658 1373 luventarum,
689 1302 798 1375 tum,
824 1286 915 1357 alibi
936 1287 1113 1384 pluscula
1138 1288 1321 1386 exempla

307 1405 417 1500 liujus
432 1407 599 1496 fabrt'coe
618 1404 766 1491 haberi,
785 1405 975 1491 admonet.
1002 1405 1078 1487 lllae
1097 1405 1239 1503 igitur,
1259 1422 1322 1476 aut

308 1521 364 1593 hae
381 1520 569 1609 vesiculae,
592 1523 622 1593 si
645 1520 703 1590 vel
725 1545 745 1589 a
768 1545 833 1594 sua
850 1522 936 1619 ipsae
962 1521 1195 1597 distentione
1226 1520 1320 1594 forte

308 1640 511 1728 dissiliant,
528 1663 664 1737 aquam
684 1640 783 1710 intra
801 1641 971 1713 cranium
990 1665 1124 1739 prosu
1170 1642 1320 1739 magni·

307 1756 437 1829 tudine
462 1773 498 1828 et
515 1781 677 1826 numero
694 1754 913 1828 effundent:
932 1756 989 1827 hae
1011 1773 1137 1829 autem
1157 1784 1246 1857 quae
1264 1761 1320 1828 in·

307 1890 365 1949 tra
384 1874 630 1945 substantiam
649 1874 879 1946 increverint
904 1874 1068 1962 cerebri,
1090 1891 1136 1947 ut
1164 1878 1207 1947 in
1238 1902 1318 1951 eam

251 2041 254 2045 ›
308 1993 451 2063 alterna
461 1993 682 2062 arteriarum
694 1991 906 2090 pulsatione
914 1992 1133 2091 adiguntur,
1148 1996 1203 2066 sic
1215 1997 1319 2094 prins

254 2110 256 2115 ’
309 2113 419 2181 etiam
433 2134 549 2208 quam
567 2109 769 2198 dissiliant,
789 2126 975 2209 quantum
992 2113 1139 2210 possint
1159 2113 1209 2183 ad
1222 2136 1320 2185 com-
1390 2146 1391 2173 l

308 2227 553 2297 minuendam
568 2264 589 2314 ,·
600 2225 954 2326 dissolvendamque
971 2228 1239 2301 mollissimam
1249 2214 1319 2302 cir-

308 2346 531 2441 cumjectam
548 2343 774 2434 medullam,
794 2346 1019 2443 excogitavit
1035 2342 1240 2419 Laufferus
1252 2346 1315 2443 (3).
1389 2412 1390 2415 ,

307 2469 448 2534 Verum
477 2488 718 2562 quacumque
745 2466 912 2551 ratione,
937 2477 974 2534 et
1000 2487 1253 2562 quocumque
1273 2490 1316 2536 er

308 2581 412 2657 fonte
430 2584 528 2653 intra
546 2580 692 2652 cerebri
706 2580 856 2652 thecam
874 2606 969 2678 aqua
988 2598 1126 2678 praeter
1139 2599 1316 2657 naturam

308 2715 551 2797 congeratur3
577 2722 664 2770 sane
687 2699 847 2796 poterit,
865 2701 895 2770 si
914 2699 1078 2771 necdum
1104 2699 1206 2773 illud
1229 2726 1316 2775 con·

308 2819 483 2903 creverit,
498 2818 530 2912 ej
536 2841 578 2888 us
592 2817 872 2888 concretionem
886 2842 957 2889 suo
973 2817 1178 2913 interjectu
1187 2817 1315 2917 probi·

306 2932 419 3004 bere:
437 2949 499 3004 aut
519 2935 549 3005 si
560 2935 637 3030 jam
658 2936 917 3022 concreverit,
934 2935 1034 3005 inter
1050 2934 1133 3029 ejus
1150 2938 1314 3033 particu-

308 3049 361 3122 las
392 3075 429 3122 se
454 3051 704 3137 insinuando,
728 3050 795 3122 has
817 3052 953 3123 sensim
976 3053 1095 3148 magis
1117 3053 1312 3150 magisque

307 3167 543 3264 disjungere,
560 3167 683 3241 donec
697 3167 744 3237 nd
756 3169 931 3240 minimas
947 3170 1191 3257 ventumsit,
1209 3169 1310 3247 facile

308 3309 394 3355 cum
415 3310 511 3382 aqua
536 3268 835 3382 permiscendas,
862 3310 988 3382 neque
1012 3284 1059 3356 ab
1082 3311 1126 3356 ea
1150 3289 1309 3386 amplius

306 3401 623 3473 internoscendas.
643 3403 759 3497 Cujus
771 3405 909 3474 sensim
924 3402 1227 3501 progredientis,
1250 3405 1307 3477 sed

305 3519 467 3590 necdum
480 3518 650 3616 perfectis
671 3518 933 3614 disjunctionis
946 3519 1186 3597 luculentum
1197 3522 1306 3594 habes

855 3718 933 3757 ¹).

342 3822 386 3898 (1)
407 3824 479 3878 Obs.
499 3841 568 3897 129,
584 3824 634 3880 cit.
647 3841 738 3898 supra
751 3824 790 3880 ad
802 3843 832 3879 n.
847 3821 874 3878 5.

342 3920 386 3997 (a)
407 3925 476 3978 Not.
491 3922 540 3978 cit.
555 3923 582 3979 3.

342 4021 384 4097 (3)
406 4021 482 4077 Diss.
501 4022 550 4078 cit.
569 4023 615 4089 34.
