2780 4666
222 486 291 533 ur.
318 484 343 531 1.
371 483 418 530 nr
443 479 899 546 norriscsrrrrs‚rr1sr.
926 481 976 531 v1.
1028 460 1093 534 331

89 599 343 671 convenirent
370 594 449 666 haec
474 620 482 665 ε
511 600 701 693 soporati,
735 593 1101 686 decoloret,...cum

89 716 208 816 pulsa
231 712 401 817 sepulto,
416 765 498 783 .....
513 717 660 784 corticis
681 711 815 785 dolore
832 721 923 811 angi
944 740 1101 813 querun-

95 849 159 904 tur
170 886 178 902 .
190 886 197 903 .
211 886 237 902 ..
257 826 485 928 Quicumque
500 843 693 902 servantur
698 860 710 918 3
720 832 809 922 fere
815 830 1014 930 purulenti
1020 831 1101 904 rect

93 949 260 1036 dentum
275 940 314 1020 id
328 942 405 1037 est,
422 964 463 1020 ut
481 951 646 1019 Duretus
660 947 949 1046 interpretatur,
964 949 1101 1047 erpul-

95 1058 251 1137 mo'itum
261 1071 431 1138 vomica:
446 1069 520 1135 πίει·
534 1079 623 1135 ante
636 1063 693 1135 ad
705 1070 1102 1164 eritiumpraecipiten·

96 1197 159 1253 tur
175 1207 201 1252 a
211 1177 550 1281 peripneumonia,
569 1196 660 1252 itata
675 1207 723 1254 ex
728 1173 916 1282 prolapsu
932 1187 1101 1254 materies

96 1314 308 1398 corruptae,
327 1301 608 1395 etfioctnjam
623 1300 767 1370 viribus
782 1324 807 1369 a
828 1298 1007 1394 lethargo.
1025 1303 1100 1371 Vc·

94 1440 183 1489 rum
200 1430 406 1513 utcumque
418 1414 465 1486 'de
481 1413 541 1486 his
552 1453 562 1500 5
572 1429 608 1486 et
623 1417 827 1512 presertim
846 1415 893 1487 de
904 1416 976 1488 isto
987 1430 1100 1487 mate·

96 1536 160 1606 riae
178 1533 359 1633 prolapsu
379 1532 617 1605 sentiendum
637 1546 713 1621 est;
729 1546 829 1607 certe
845 1533 878 1604 is
888 1532 935 1604 de
946 1557 1024 1632 quo
1041 1558 1099 1604 re·

94 1653 271 1738 tulimus,
288 1666 400 1724 senex
426 1644 537 1723 simnl
562 1650 895 1749 peripneumonia,
915 1665 952 1722 et
974 1649 1100 1723 fractis
1214 1700 1217 1713 ·

96 1794 117 1841 a
137 1792 321 1868 soporosa
336 1765 535 1842 affectione
550 1765 693 1839 viribus
705 1768 827 1866 periit.
843 1769 903 1840 Sic
920 1769 1039 1855 enirn,
1057 1783 1101 1841 ut

95 1890 249 1987 copiose
261 1886 350 1959 alibi
369 1886 424 1985 (ι)
445 1882 663 1976 ostendam,
678 1884 1099 1975 tumidusetdensatus,

95 2014 136 2077 et
159 2005 298 2094 durus,
315 2016 351 2077 et
369 2005 491 2104 gravis
514 2003 650 2102 pulmo
667 2025 688 2074 a
704 2003 1020 2104 peripneumonia
1044 2019 1099 2076 cst

96 2124 181 2220 qnae
196 2123 289 2194 solii
304 2144 383 2194 non
396 2122 533 2221 possit;
553 2136 786 2221 quapropter
796 2135 833 2193 et
848 2122 888 2192 in
899 2122 1099 2195 novissima

95 2239 277 2312 Vilsalvae
287 2238 443 2312 historia
458 2265 503 2311 ex
517 2239 695 2312 indurato
714 2253 800 2338 post
816 2237 981 2313 thoracis
996 2239 1099 2310 dolo-

93 2382 156 2430 res
169 2358 325 2428 invento
343 2357 547 2455 pulmone,
563 2355 678 2453 hujus
692 2354 1027 2429 inflammationem
1037 2359 1098 2427 in·

91 2472 218 2544 tellesi
233 2471 298 2570 (α).
314 2473 415 2545 Solvi
428 2489 554 2545 autem
573 2474 613 2543 in
632 2498 720 2545 sene
742 2470 914 2560 infirmo,
933 2488 970 2545 et
987 2475 1097 2545 semi-

94 2590 219 2689 sopito
245 2614 324 2663 non
344 2590 487 2689 potuit,
510 2591 653 2688 quippe
671 2591 739 2687 qui
755 2588 935 2661 mobilem
953 2589 1098 2676 adhuc,

94 2709 402 2807 sirepentemque
425 2709 464 2778 in
480 2705 676 2778 branchiis
701 2707 896 2778 materiam
922 2720 1096 2805 expecto·

92 2832 178 2897 rire
193 2847 263 2897 nec
277 2823 443 2913 valebit,
461 2838 532 2897 nec
548 2823 766 2897 conabatur.
778 2829 909 2923 Itaque
924 2823 1095 2895 dolorem

94 2944 280 3041 primum,
295 2958 384 3013 mox
401 2957 438 3014 et
451 2952 649 3019 stertorem
662 2940 813 3013 desiisse
827 2965 905 3012 non
925 2938 1095 3040 placebat
1192 3009 1195 3016 ,

93 3057 207 3130 nobis
227 3058 534 3154 conjicientibus,
549 3073 734 3156 quantum
748 3056 914 3131 malisub
932 3080 976 3129 ea
993 3057 1081 3155 quie

92 3178 141 3249 'tis
158 3176 282 3275 specie
296 3174 403 3249 facile
423 3175 666 3250 delitesceret.
677 3176 791 3268 Quod
812 3200 858 3247 eo
871 3177 990 3273 magis
1009 3200 1095 3246 auc·

86 3298 177 3365 tuni
193 3309 262 3382 est,
279 3295 367 3391 quia
384 3294 502 3367 multi
519 3307 598 3366 crat
614 3295 654 3365 in
675 3293 803 3366 effoeto
821 3295 1002 3394 sanguine
1018 3317 1097 3364 ma·

91 3412 186 3482 teria
202 3410 249 3481 ad
265 3409 607 3500 concrescendum‚
628 3411 695 3483 ubi
712 3413 941 3510 quiesceret,
958 3435 1094 3511 prona,

91 3527 202 3600 sicuti
234 3528 423 3627 polyposae
451 3544 536 3628 post
562 3544 724 3602 mortem
752 3530 1013 3601 concretiones
1040 3541 1095 3598 tot

92 3657 280 3741 tantaeque
307 3645 530 3718 docuerunt.
558 3651 635 3719 Nec
665 3664 829 3720 tamena
853 3645 1093 3718 concretione

133 3925 176 4004 (1)
197 3924 292 4003 Epist.
310 3948 348 3987 20
360 3944 388 3987 et
404 3951 452 3988 21.

133 4024 176 4104 (a)
198 4028 313 4103 Supra,
334 4050 363 4087 n.
383 4050 429 4089 11.
