2774 4666
185 404 254 451 Lus.
282 404 309 450 1.
335 403 383 450 DE
408 401 545 450 nonius
570 401 726 464 cartus,
751 402 861 471 erist,
889 404 944 450 111.
1002 402 1064 475 191

65 518 320 615 prohibeatur,
353 515 422 588 sed
444 521 557 586 etiam
578 531 616 586 et
642 522 715 614 ipsi
733 516 1014 614 strangulentur
1029 533 1067 587 et

70 636 290 727 suffocentur
296 662 311 722 ,·
325 639 375 705 sit
387 639 426 704 in
442 659 574 721 causa,
598 635 770 705 utrubito
789 650 911 706 motus
928 649 966 705 et
981 659 1062 706 sen·

71 776 123 822 sus
153 778 229 824 una
255 777 339 824 cum
367 750 579 823 detentione
595 755 813 848 principum
829 738 1064 843 facultatum

72 875 253 943 omittatur
273 876 425 965 :sicque
449 893 534 941 rora
559 884 597 939 et
622 883 759 941 exacta
786 867 960 943 succedat
974 892 1065 966 opo-

70 986 200 1084 pleaia.
218 992 264 1059 Et
276 1011 365 1060 sane
378 958 526 1061 tanturn
540 988 780 1085 sanguinisin
793 985 971 1061 omnibus
981 1011 1064 1084 quae

74 1105 229 1177 cranium
248 1104 532 1203 complectitur,
548 1092 651 1179 vasis*
661 1105 816 1202 congeri
833 1128 913 1174 non
926 1105 1067 1201 potuit,

75 1223 152 1317 quin
176 1220 380 1293 cumhinc
406 1246 490 1295 ossa
523 1222 830 1318 cipcumstarent,
855 1246 938 1318 quae
970 1222 1066 1297 nihil

75 1340 216 1413 omnino
246 1337 442 1439 cederent,
465 1316 563 1409 'inde
588 1363 680 1411 vero
706 1338 832 1411 mollis
852 1337 999 1412 cerebri
1028 1355 1065 1411 et

77 1455 239 1528 cerebelli
258 1455 487 1545 substantia,
506 1481 586 1529 non
612 1455 728 1528 modo
750 1454 850 1528 hanc
870 1457 990 1544 intus,
1007 1453 1066 1529 fo-

78 1573 184 1671 risque
208 1573 538 1647 vehementissime
565 1576 849 1672 compresserit,
869 1574 1065 1647 sedetiam
1161 1662 1162 1665 Ἴ

79 1693 258 1764 coarctatis
276 1692 434 1765 vasculis
453 1691 523 1767 sub
545 1716 695 1767 sensum
721 1717 801 1767 non
825 1691 1066 1782 cadentibus,

80 1823 204 1881 motum
223 1812 349 1907 ipsum
375 1812 589 1908 sanguinis,
615 1824 652 1882 et
666 1835 747 1908 quae
766 1811 846 1887 sine
871 1810 946 1882 hoc
962 1810 1066 1883 nulla

81 1942 139 2015 est,
153 1929 354 2026 spirituum
375 1930 623 2001 secretionem
640 1930 893 2027 interceperit.
907 1935 991 2002 Haec
1004 1955 1067 2003 au·

81 2056 140 2115 tem
164 2044 343 2117 videntur
359 2045 530 2123 accidere
549 2046 738 2121 cerebello
762 2072 840 2121 non
868 2073 999 2146 posse,
1024 2065 1066 2122 ut

82 2160 152 2235 alias
181 2162 237 2261 (ι)
272 2164 511 2263 scripsimus,
529 2165 609 2237 sine
639 2165 711 2236 cita
741 2166 999 2262 respirationis
1029 2183 1067 2239 et

84 2295 185 2354 notus
202 2280 331 2354 cordis
356 2278 695 2369 sufflaminatione,
715 2281 754 2352 id
780 2283 933 2357 estsine
954 2282 1067 2356 celeri

84 2415 199 2487 morte,
217 2415 255 2472 et
273 2398 361 2488 hac,
381 2401 412 2473 si
432 2402 484 2470 ita
498 2400 633 2487 mavis,
654 2422 878 2497 a‘syncope,
896 2401 962 2478 sed
982 2428 1077 2500 quae·

85 2518 244 2613 eripite,
266 2541 345 2590 non
362 2543 382 2591 a
398 2516 534 2607 corde,
552 2517 787 2615 provenerit,
801 2532 866 2589 aut
875 2518 904 2589 si
917 2543 938 2591 a
951 2518 1065 2592 corde

86 2653 210 2730 quoque
223 2634 276 2709 ob
293 2659 336 2709 ea
356 2659 438 2733 quae
449 2634 549 2709 dicta
569 2648 679 2721 sunt,
696 2633 805 2714 vitia,
827 2650 985 2709 tamena
1002 2662 1063 2709 ca·

88 2749 144 2841 pite
154 2752 271 2827 multo
288 2754 436 2850 potius,
456 2774 604 2850 quamn
624 2749 750 2822 corde.
771 2750 846 2823 Ubi
866 2776 956 2822 vero
979 2777 1066 2852 syn·

88 2885 159 2962 eope
171 2885 243 2958 est,
260 2870 516 2967 undecunque
531 2867 610 2943 haec
628 2868 698 2955 sit,
721 2893 800 2939 non
811 2872 1063 2944 esteurcitam

88 2980 385 3084 refrigerationem
407 2989 613 3075 miremur3
631 3008 847 3084 quanquam
874 2987 976 3061 illam
999 3016 1065 3089 po·

88 3099 141 3173 tius
166 3104 296 3179 caloris
313 3107 621 3181 imminutionem
633 3100 782 3203 fuisse,
816 3106 1066 3201 crediderim,

91 3238 151 3311 qne
173 3219 287 3321 frigus
316 3225 454 3299 calenti
479 3223 630 3296 mulieri
650 3223 728 3295 visa
747 3238 813 3297 est.
842 3226 1066 3322 Hujusnrodi

91 3349 189 3410 autem
206 3365 410 3442 syncopes,
427 3367 521 3441 quas
545 3342 783 3441 potissimum
810 3343 993 3419 indicasse
1008 3349 1065 3417 vi-

92 3447 182 3525 detur.
193 3461 420 3559 Herophilus
441 3460 513 3559 (a),
534 3459 620 3533 cum
637 3465 869 3558 repentinam
886 3481 1064 3554 mortem,

93 3568 172 3643 nullo
186 3600 233 3647 ex
248 3582 450 3670 manifesto
475 3603 591 3652 causa
617 3583 845 3668 venientem,
856 3582 970 3676 fieri,
1006 3583 1064 3654 in-

97 3745 1068 3777 Μ-

55 3818 56 3837 l
121 3854 154 3933 (ι)
171 3862 258 3936 Epist.
274 3884 306 3932 a,
321 3885 352 3920 n.
366 3870 413 3931 al.

120 3953 153 4032 (a)
171 3964 252 4036 Apud
263 3967 331 4020 Cal.
350 3963 502 4021 Aurelian.
516 3960 656 4021 Chronic.
671 3967 692 4020 l.
708 3983 741 4036 a,
755 3984 780 4020 c.
798 3984 823 4020 1.
