2862 4668
209 421 258 468 ιι)
282 417 503 469 numerosa.
531 416 651 468 ηοω.
678 422 782 469 rnsw
807 423 991 471 srssrom.
1055 401 1102 474 63

97 536 168 603 lz'itr,
186 533 247 605 ejus
259 536 313 611 qui
321 554 386 591 cum
394 535 506 592 vobem
515 575 527 605 ,
552 534 618 591 ltuic
636 554 787 611 ffnnasto
797 578 809 606 ,
831 549 862 593 et
874 540 921 594 isti
935 539 1098 596 academia

98 668 263 713 ornamento
270 655 345 726 fuit.

133 781 194 835 Aut
203 774 232 833 si
239 750 300 852 qua
309 779 435 851 supersit
447 778 609 843 dubitatio,
619 795 681 851 per
692 778 726 832 id
737 772 868 847 tolletur,
883 781 1096 853 velplun'mum

99 893 290 968 infimiabitur
296 937 307 965 ,
326 899 408 971 quod
418 909 488 957 ante
499 897 735 967 subindicabam,
747 911 777 955 et
788 900 965 967 Glirsonius,
982 902 1096 973 inprae-

93 1015 206 1086 fatione
217 1037 239 1070 a
255 1019 369 1074 Boneto
385 1018 542 1085 laudatus,
550 1029 852 1089 proemonstraverat,
865 1021 894 1073 si
900 1003 992 1093 plura
1005 1021 1097 1076 cada·
1135 1082 1138 1083 ⁷

100 1154 158 1191 vera
167 1176 177 1204 ‚
186 1148 264 1212 post
275 1136 406 1195 eumdem
415 1137 555 1192 videlicet
565 1137 696 1193 morbum
707 1139 896 1207 denotantia,
912 1142 1094 1210 ecfeminata,

99 1257 200 1313 interce
209 1268 432 1332 comparentur,
449 1268 479 1312 et
487 1257 569 1330 quod
572 1269 686 1330 proeter
694 1270 829 1313 naturam
837 1260 866 1313 in
879 1259 1097 1315 omnibussimi-

100 1376 159 1431 liter
158 1376 276 1447 fuerit,
293 1377 326 1431 id
326 1395 387 1450 pm
397 1395 486 1431 causa
499 1376 595 1430 morbi
603 1396 615 1442 ;
627 1378 708 1450 quod
717 1388 815 1431 autem
825 1377 854 1432 iu
868 1379 936 1433 aliis
949 1379 1055 1446 alitem
1065 1380 1098 1434 id

100 1512 161 1550 uero
167 1515 228 1570 pro
244 1496 344 1550 morbi
355 1494 464 1567 effectu
478 1494 633 1551 habeatur.
658 1497 749 1567 (luem
766 1497 859 1569 ipsum
877 1495 1013 1567 effectum
1029 1517 1097 1572 cog·

100 1622 223 1684 noscere,
238 1627 273 1671 et
284 1617 412 1689 soepius,
432 1635 471 1670 an
488 1617 581 1671 rarius
598 1602 699 1670 eodem
713 1616 742 1669 in
757 1617 857 1670 morbo
870 1630 1018 1684 occurrat,
1036 1637 1096 1672 non

101 1735 253 1791 entmutile
263 1775 276 1803 ,
289 1736 324 1790 ni
325 1737 487 1809 plurimum
490 1733 593 1805 fallor
599 1775 610 1801 ,
625 1736 787 1802 adnotare,
801 1754 906 1810 nempe
918 1747 951 1791 ut
958 1737 1092 1806 sciamus,

101 1855 155 1926 quis
172 1855 292 1910 morbus
306 1873 326 1907 a
338 1874 396 1929 quo
409 1855 510 1910 morbo
523 1853 608 1925 effici
617 1855 740 1910 crebrius
754 1858 867 1924 soleat,
890 1869 921 1911 et
927 1875 987 1929 pro
999 1875 1096 1931 symp·

101 1983 229 2030 tomatum
237 1985 351 2030 natum
365 1993 433 2049 quoe
444 1974 591 2047 adprima
601 1976 738 2031 accedere
751 1976 910 2050 mcqren'nt
915 2017 925 2043 ‚
942 1977 1022 2032 illum
1027 1978 1097 2046 jam

99 2093 208 2163 adesse,
222 2094 440 2163 conjiciamus,
461 2095 543 2168 er'qtae
559 2095 660 2162 simul,
682 2096 759 2150 unde
781 2115 858 2151 mors
880 2097 1022 2151 interdum
1045 2107 1099 2152 aut

100 2211 211 2282 infertur
217 2254 228 2282 ,
244 2224 303 2289 aut
315 2214 509 2278 acceleratur,
530 2215 632 2285 quoad
640 2213 778 2283 rausfieri
779 2190 882 2287 potest
887 2255 898 2282 ,
919 2216 1034 2272 obstare
1050 2234 1096 2271 co·

100 2350 196 2388 nemun
209 2334 271 2391 Sed
281 2332 360 2387 illud
372 2333 454 2405 quod
463 2330 615 2398 dicebam,
633 2331 702 2385 etin
715 2352 772 2406 quo
787 2352 886 2389 omnes
899 2336 1093 2404 convenimus,

101 2455 240 2509 multonem
253 2471 315 2508 uno
328 2418 486 2525 eodemque
499 2450 599 2505 morbo
613 2452 804 2506 eoelt'ttctontm
816 2454 966 2520 dissectio,
983 2455 1097 2528 proeci-

99 2590 177 2645 puum
188 2587 250 2641 est,
267 2585 304 2629 ut
311 2584 423 2628 cunctoe
429 2572 584 2628 dubitandi
591 2542 765 2646 errandique
771 2576 937 2630 occasiones
946 2577 1094 2630 tollantur.

104 2691 192 2767 Neque
200 2693 279 2749 enim
298 2710 399 2758 omnes
407 2694 511 2747 eodem
522 2693 669 2748 moriendi
680 2668 767 2747 modo
785 2692 919 2764 confecti,
932 2707 985 2748 aut
993 2695 1095 2750 eodem
1161 2756 1163 2761 ,

103 2815 165 2867 anni
177 2815 308 2889 tempore
315 2824 345 2868 et
356 2830 377 2865 a
392 2792 485 2867 morte
497 2813 647 2867 mtervallo
660 2813 761 2880 incisi,
782 2831 877 2887 neque
894 2814 1021 2868 omnium
1043 2833 1096 2868 ea·
1121 2846 1123 2851 .

103 2932 178 3003 dem,
195 2954 263 3010 quoe
274 2933 411 2990 accusari
420 2944 528 3008 queat,
549 2932 631 2987 mala
648 2933 759 2987 curatio
770 2974 781 3002 ,
798 2952 893 3008 neque
907 2934 1097 3006 eoedemjue·

103 3053 150 3111 n‘rst
159 3057 200 3110 ad
211 3055 363 3110 morbosos
373 3051 496 3124 effeetus
506 3054 583 3108 intus
585 3054 794 3126 producendos
804 3054 1014 3126 dispositiones.

137 3195 205 3266 Quoe
220 3215 287 3251 cum
302 3212 385 3268 aeque
398 3212 435 3248 ac
446 3212 519 3266 ego,
533 3203 623 3266 atque
636 3194 712 3247 adeo
726 3195 779 3249 vel
793 3195 896 3250 melius
916 3197 1013 3264 scias;
1036 3216 1096 3254 non

104 3314 178 3367 modo
187 3332 245 3369 non
257 3312 431 3381 miraberis,
450 3312 531 3386 quod
542 3312 626 3367 unius
645 3312 760 3380 morbi,
785 3313 843 3368 imo
860 3316 943 3369 unius
962 3316 1023 3385 ejus
1034 3315 1097 3388 dc]-

97 3427 223 3494 ferentioe
242 3419 387 3509 quotquot
395 3429 485 3505 potui
501 3432 639 3505 exempla
655 3451 713 3488 non
728 3435 819 3488 semel
822 3437 1027 3508 proposuerim
1038 3457 1099 3510 per

103 3548 291 3609 dissectionem
303 3553 450 3608 illustrata
457 3593 467 3620 ,
481 3554 535 3608 scd
542 3563 572 3607 et
580 3538 748 3626 grauissimo
753 3554 896 3626 probabis
899 3555 1013 3623 judicio
1024 3569 1072 3612 tuo
1083 3596 1098 3626 ,

103 3673 173 3741 quod
192 3662 352 3745 velplura
372 3672 497 3727 aliorum
514 3672 681 3746 quibuscum
705 3671 913 3743 conferantur,
936 3687 1097 3731 vestrorum

99 3792 251 3855 prasertim
273 3792 528 3860 academicorum,
554 3792 750 3848 indicaverim.
779 3794 887 3865 Quibus
907 3796 1098 3852 celeberrimis

104 3906 165 3962 uiris
176 3911 202 3964 si
212 3921 348 3984 utsupra
358 3910 412 3965 abs
423 3920 452 3967 te
453 3910 535 3985 petii
537 3949 548 3980 ,
566 3910 627 3969 mei
639 3930 710 3985 erga
724 3931 779 3969 vos
790 3932 891 3972 omnes
899 3915 995 3988 grati,
1009 3926 1040 3968 et
1046 3915 1096 3979 ob-
