2782 4668
279 397 348 496 39²
441 423 489 469 nr
515 418 661 469 seorsus
685 421 729 469 ar
754 419 878 469 crusis
903 421 1113 473 nonronnrr

280 536 414 633 quinto
438 536 535 630 jam,
562 549 627 606 aut
643 549 747 606 sexto
767 533 815 605 ab
832 536 988 607 interitu
1013 538 1084 610 die.
1109 536 1273 610 Cerebel-

280 654 359 725 lurn
376 668 507 723 contra
528 651 642 724 molle
661 668 755 741 erat,
774 667 811 723 et
828 650 1036 726 flaccidum.

335 796 387 841 ια.
406 770 515 842 Stulti
532 770 683 842 alterius
694 770 765 840 viri
779 771 929 844 easdem
945 787 1069 870 partes
1082 771 1279 844 habuimus

280 891 321 960 in
339 887 494 986 publico
516 886 752 959 dissecandas
773 913 874 961 anno
900 890 1001 988 1734.
1036 895 1081 960 In
1108 890 1212 961 collo
1227 913 1282 961 res

281 1006 538 1077 animadversa
558 1020 628 1092 est,
646 1028 728 1101 quae
740 1008 886 1080 tametsi
895 1006 942 1077 ad
959 1030 1122 1104 praesens
1136 1007 1283 1077 institu-

281 1137 361 1193 tum
380 1147 458 1192 non
481 1135 643 1219 spectat,
659 1135 784 1193 tamen
811 1122 861 1195 ob
888 1124 1083 1196 raritatent
1098 1122 1217 1220 digna
1235 1136 1283 1194 est

285 1266 368 1337 quae
383 1240 537 1308 minime
550 1243 800 1338 praetereatur.
819 1242 1012 1336 Musculus
1023 1256 1187 1336 uterque
1201 1255 1283 1313 ster·

284 1356 566 1453 nothyroitlaeus
582 1357 739 1427 omnino
761 1355 880 1430 defuit
897 1386 905 1427 :
921 1356 1174 1456 quamobrem
1193 1362 1285 1450 Hyo-

285 1474 485 1571 thyroidaei
502 1498 580 1544 non
593 1476 771 1545 interiore
788 1489 933 1546 tantum
948 1476 1079 1564 latere,
1093 1474 1161 1546 sed
1181 1476 1285 1547 etiam

287 1593 469 1663 exteriore
489 1590 536 1663 ad
553 1589 671 1662 basim
691 1576 812 1688 usque
826 1588 1053 1664 scutiformis
1066 1592 1286 1689 cartilaginis

287 1734 327 1781 se
341 1707 611 1794 extendebant,
627 1708 720 1778 illud
733 1708 905 1779 videlicet
919 1710 1079 1805 spatium
1102 1732 1285 1807 occupan-

288 1841 344 1901 tes
372 1825 477 1922 quod
496 1824 546 1895 ab
565 1848 758 1921 suprema,
784 1839 1050 1921 contractaque
1078 1825 1286 1922 sternothy·

288 1943 515 2015 roidaeorurn
541 1957 646 2040 parte
666 1943 705 2012 in
735 1942 815 2038 ejus
838 1967 953 2039 quarn
972 1942 1047 2014 dixi
1066 1943 1286 2041 cartilaginis

291 2059 403 2149 facie,
421 2076 465 2130 ut
489 2060 578 2131 alias
602 2058 656 2155 (ι)
675 2058 838 2157 ⁴erposrii
855 2084 898 2133 ac
913 2060 1036 2162 pinxi,
1060 2057 1227 2132 obtineri
1239 2085 1285 2132 so

290 2179 351 2267 let.
367 2180 487 2267 Quam
503 2202 573 2275 ego
590 2174 723 2247 faciem
737 2201 839 2266 cnm,
856 2176 1010 2249 sublatis
1022 2179 1226 2267 musculis,
1241 2193 1286 2253 at·

291 2311 393 2368 tento
407 2310 675 2393 spectarern,et
686 2295 861 2369 corneliis
871 2320 953 2391 quae
963 2295 1017 2368 ibi
1027 2321 1110 2369 non
1127 2294 1287 2383 deerant,

291 2412 511 2511 laryngibus
529 2409 760 2498 conferrem,
787 2412 907 2483 multo
926 2413 1051 2484 minus
1084 2437 1204 2508 quam
1230 2412 1289 2485 has

292 2533 509 2629 prominere
527 2528 605 2598 vidi
621 2553 700 2624 quo
712 2527 799 2599 loco
810 2528 1008 2599 memorati
1022 2543 1192 2624 quatuor
1201 2552 1289 2600 mus

295 2646 370 2735 ruli
390 2646 560 2717 desinere
570 2659 858 2716 consueverunt.
874 2649 1011 2720 Praeter
1021 2643 1291 2719 hteediscrimi·

295 2789 360 2852 na,
377 2762 479 2835 aliud
492 2762 612 2835 ullum
628 2762 667 2831 in
682 2762 878 2849 musculis,
894 2775 932 2831 et
948 2762 1233 2859 cartilaginibus
1245 2787 1291 2834 re·

296 2882 410 2979 liquis
429 2879 476 2950 ad
498 2880 707 2977 laryngem,
725 2877 1019 2976 adjunctumque
1042 2902 1187 2975 asperae
1204 2895 1290 2951 arte·

296 2998 358 3068 riae
377 3012 553 3071 truncum
567 2994 831 3083 attinentibus,
841 2994 968 3067 videre
978 3018 1060 3067 non
1072 2997 1196 3093 potui.
1207 2999 1290 3067 Nam

299 3115 368 3186 etsi
379 3112 783 3210 cricothyroidanS,'et
798 3110 1117 3207 sternohyoidaeos
1146 3138 1291 3185 muscu-

296 3231 373 3318 lOS,
386 3230 545 3328 quibus,
564 3229 642 3303 haec
660 3253 743 3326 quae
757 3227 833 3299 dixi
848 3229 890 3298 in
909 3227 1060 3305 ,theatro
1078 3230 1300 3317 ostendens,

299 3347 502 3445 supplendi
516 3361 653 3417 munus
663 3344 925 3441 quadantenus
934 3344 1104 3435 attribui,
1122 3347 1250 3436 validi,
1262 3361 1292 3418 et

299 3464 426 3561 magni
445 3478 667 3550 erant3n0n
683 3476 807 3539 tamen
824 3463 1070 3560 proportione
1081 3464 1290 3552 validiores,

301 3580 507 3675 majoresve
523 3578 592 3649 visi
613 3592 710 3649 sunt.
731 3580 830 3651 Num
847 3603 938 3650 vero
952 3579 992 3648 in
1009 3578 1176 3678 laryngis
1189 3582 1291 3654 moti·

341 3932 384 4012 (ι)
405 3934 530 3993 Advers.
544 3935 566 3992 l.
584 3953 616 4008 1,
632 3954 662 3992 n.
680 3933 715 4009 6,
729 3945 758 3995 et
773 3935 847 4001 Tala.
865 3953 877 3992 r
893 3935 932 3991 ad
942 3935 1035 4009 1th
1048 3936 1206 3996 dexteram.
