2774 4670
316 384 387 474 468
482 409 528 455 nr
555 405 700 455 sumnus
724 406 769 454 nr
795 404 918 455 crusis
944 385 1152 456 uonnoa‘nu

367 549 399 620 7.
433 520 489 592 Ad
516 519 620 617 quod
649 532 691 589 ut
714 518 886 608 redeam;
912 523 1164 620 perstringam
1190 521 1308 619 paucis

315 652 501 737 quantum
516 650 652 734 potero
667 689 676 722 ,
694 660 776 733 quae
794 637 912 708 multa
926 660 969 706 ac
984 636 1051 707 diu
1069 640 1108 709 in
1135 641 1215 710 cive
1233 663 1307 709 meo

315 757 507 829 Anastasio
541 754 702 850 Poggi'o,
733 754 856 849 gravi,
888 752 1087 851 proboque
1125 754 1307 825 sacerdote

314 870 571 946 animadverti.
589 867 731 965 Agebat
750 870 779 939 is
799 892 942 939 annum
960 868 1308 971 duodeseptuagesi·

312 1013 438 1078 mum,
454 986 660 1085 subpingui
676 984 827 1073 babitu,
846 1001 884 1056 et
908 984 1044 1057 florido
1069 986 1199 1058 colore
1224 1013 1305 1085 prae-

314 1105 436 1192 ditus,
463 1128 550 1176 cum
579 1102 752 1198 primum*
770 1102 949 1172 comitiali
967 1103 1103 1174 morbo
1116 1118 1307 1203 *correptus

314 1236 387 1309 cst,
411 1222 478 1317 qui
508 1243 692 1293 summam
713 1219 892 1317 pulsuum
920 1223 1130 1309 raritatem,
1150 1223 1306 1318 itemque

313 1339 485 1436 corporis
509 1334 860 1436 perfrigerationem
885 1351 971 1433 post
992 1361 1030 1408 se
1056 1338 1224 1435 reliquit.
1247 1337 1306 1408 Sed

313 1454 393 1526 haec
401 1457 501 1526 intra
519 1455 632 1528 horas
649 1472 794 1554 septem
808 1458 905 1528 victa
924 1472 1000 1545 est,
1021 1481 1095 1528 nec
1108 1460 1245 1556 saepius
1258 1482 1308 1528 re·

310 1574 451 1646 deunte
464 1575 601 1646 morbo
607 1575 772 1672 amplius
785 1574 896 1646 rediit
912 1602 919 1644 ε
938 1575 1002 1645 illa
1010 1599 1133 1672 usque
1143 1577 1305 1672 perstitit

243 1692 246 1697 ’
313 1692 436 1762 Prima
449 1690 626 1790 epilepsia
646 1689 771 1761 dolori
791 1707 1017 1763 successerat
1035 1691 1309 1789 hypochondrii

313 1808 478 1897 dexteri,
497 1835 566 1907 per
581 1809 734 1881 biliosas
754 1809 982 1906 dejectiones
995 1809 1120 1882 soluto
1137 1836 1145 1877 ε
1165 1825 1307 1896 caetere,

312 1950 395 2025 quae
411 1926 570 1999 leviores
581 1942 704 2015 erant,
723 1924 800 1998 fere
821 1927 1070 1999 succedebant
1097 1930 1226 1998 sensui
1251 1949 1309 1996 cu·

309 2040 457 2137 jusdam
486 2044 595 2140 quasi
619 2041 712 2114 fumi
730 2042 777 2113 ad
795 2058 909 2141 caput
928 2042 1166 2115 ascendentis
1184 2067 1230 2113 ex
1249 2042 1309 2137 hy·

309 2157 579 2256 pochondriis,
613 2182 777 2256 quorum
811 2162 1000 2257 turgentia
1033 2161 1184 2232 assidue
1220 2183 1310 2256 aegro

310 2274 469 2347 molesta
499 2291 597 2364 erat,
618 2292 664 2347 et
695 2274 801 2348 facile
827 2276 876 2346 ab
912 2280 1134 2374 assumptis,
1163 2275 1312 2373 liquidis

311 2394 540 2491 praesertim,
566 2390 783 2486 augebatur.
810 2395 905 2459 Cum
922 2391 1004 2462 haec
1016 2394 1068 2463 ita
1086 2408 1235 2480 essent,
1251 2392 1311 2461 do·

309 2508 369 2579 lor
385 2523 511 2585 autem
534 2506 664 2601 capitis
683 2528 890 2600 omnesque
914 2505 1029 2603 hujus
1050 2531 1119 2603 per
1136 2533 1176 2579 se
1194 2508 1311 2580 affecti

309 2612 407 2694 notae
425 2623 620 2709 abessent;
638 2622 804 2693 seniores
823 2621 985 2711 medici,
1005 2625 1071 2721 qui
1083 2651 1147 2697 me
1168 2626 1242 2697 sibi
1260 2651 1313 2698 so·

310 2742 410 2812 cium
425 2742 465 2811 in
482 2736 688 2827 refractarii
708 2737 832 2808 morbi
849 2740 1045 2811 curatione
1066 2741 1172 2813 haud
1194 2747 1313 2814 minus

308 2881 423 2955 quam
443 2879 559 2953 aeger,
587 2868 830 2951 optaverant,
850 2856 944 2950 quin
963 2880 1009 2924 ex
1027 2852 1312 2952 hypocondrio-

308 2996 394 3045 rum
410 2986 506 3044 esset
523 2971 731 3040 irritatione
743 2971 916 3057 ,minime
927 2969 1164 3043 dubitabant.
1174 2979 1222 3046 Et
1233 2997 1312 3047 sane

307 3104 350 3161 ut
366 3090 408 3158 in
423 3087 494 3156 hac
510 3111 668 3184 quoque
686 3085 805 3158 habes
818 3087 1056 3184 Sepulchreti
1071 3091 1315 3188 sectione(1)‚

307 3220 406 3281 extat
436 3203 539 3301 apud
571 3204 756 3275 Galenum
789 3203 945 3275 historia
971 3206 1035 3275 illa
1060 3211 1315 3304 grammatici,

296 3328 374 3421 ,qni
386 3318 468 3392 crim
482 3318 623 3392 diutins
642 3346 668 3421 n
685 3324 766 3394 cibo
781 3324 993 3410 abstz'neret,
1014 3323 1313 3423 epikptr'cusfie-

308 3439 390 3524 bat,
409 3462 484 3507 non
510 3437 627 3511 aliam
644 3439 691 3509 ob
709 3463 863 3509 causam
886 3465 1001 3536 qnam
1022 3441 1133 3512 bilem
1147 3471 1158 3512 .·
1173 3460 1213 3515 et
1229 3467 1312 3542 per·
1377 3450 1378 3517 i

289 3556 455 3653 'vulgata
469 3555 638 3651 exempla
654 3570 742 3625 sunt
758 3552 975 3626 adultorum
991 3556 1066 3652 (a),
1089 3584 1171 3630 non
1181 3582 1310 3657 puero

343 3831 388 3909 (r)
409 3834 486 3888 Sect.
505 3847 539 3884 12
554 3831 586 3885 in
599 3830 698 3887 Schol.
718 3832 757 3888 ad
773 3833 837 3889 obs.
855 3852 901 3910 19.

345 3930 389 4008 (a)
410 3929 489 3990 lbid.
505 3927 606 3989 Schol.
618 3931 658 3991 nd
668 3931 732 3990 obs.
748 3938 795 3999 41.
