2862 4668
303 419 347 506 tl,
604 433 839 487 arsrouta
872 435 992 485 virn

300 550 460 649 Vulpins
487 573 572 650 spes
596 550 757 648 aequavit
787 564 830 623 ut
861 572 975 623 nemo
997 545 1162 625 sonasse
1190 543 1303 621 fuerit

299 694 468 768 unquam
487 670 554 767 qui
573 668 707 741 melius
725 666 797 741 hac
815 682 940 766 sparta
958 665 1108 743 functus
1125 666 1183 737 sit.
1195 669 1303 741 dcci-

300 786 358 860 dit
375 786 580 885 aliquando
599 802 639 861 ut
665 810 752 860 cum
773 783 836 859 hic
856 784 1011 859 anicula
1034 781 1193 886 cadaver
1214 807 1304 883 ape-

301 904 412 993 riret,
433 928 509 1000 quo
527 904 677 977 adstans
701 907 939 977 Modestius
959 900 1178 977 ostenderet
1197 900 1304 975 audi-

301 1021 447 1095 toribus
477 1022 558 1094 suis
585 1021 820 1119 singulorum
847 1022 1033 1095 viscerum
1058 1019 1211 1109 sedem,
1235 1020 1305 1093 etsi

302 1141 390 1241 plus
407 1142 518 1213 solito
540 1140 635 1212 illud
645 1163 885 1237 nequaquam
903 1139 1034 1230 oleret,
1049 1164 1175 1239 nequa
1186 1139 1306 1213 ullum

301 1261 342 1330 in
375 1257 510 1331 eodem
543 1272 679 1355 praeter
705 1256 1009 1355 implicationem
1035 1258 1304 1331 intestinorum

221 1424 224 1435 ·
302 1378 434 1449 vitium
453 1364 675 1474 appareret,
698 1373 843 1447 subitus
863 1389 990 1446 tamen
1014 1373 1177 1472 languor
1196 1377 1306 1444 Mon·

303 1518 464 1574 osonum
482 1491 735 1590 oppresserit,
759 1515 839 1562 non
860 1514 969 1565 secus
985 1516 1028 1562 ac
1045 1492 1076 1562 si
1095 1488 1305 1589 deliquium

297 1611 470 1707 instaret.
494 1608 691 1681 Revocatis
707 1607 918 1705 paullulum
935 1607 1080 1680 viribus
1098 1632 1186 1680 oum
1207 1621 1309 1680 uter-

302 1752 381 1825 que
404 1725 561 1797 domum
588 1751 608 1797 e
635 1723 784 1798 theatro
808 1725 1022 1797 anatomico
1051 1724 1243 1815 rediisset,
1262 1723 1311 1797 ad

305 1843 483 1915 eumdem
500 1842 677 1931 modurn,
695 1841 908 1939 eodemque
926 1857 1098 1942 tempore
1111 1841 1211 1915 febri
1222 1868 1308 1916 cor·

305 1977 434 2060 reptns
451 1975 528 2048 est,
549 1985 632 2057 quae
654 1960 707 2031 sic
728 1962 979 2032 Moncaonum
998 1960 1094 2034 male
1115 1959 1248 2033 hahuit
1264 1974 1310 2032 ut

305 2105 384 2161 non
406 2076 478 2148 nisi
504 2075 648 2175 aliquot
666 2090 754 2174 post
773 2100 922 2149 menses
950 2078 1147 2178 pristinam
1167 2076 1312 2155 taletn-

307 2195 434 2268 dinem
448 2217 672 2293 recuperare
685 2193 863 2293 potuerit.
872 2196 958 2267 Non
970 2209 1310 2295 proptereatamen

306 2314 411 2385 ineo
428 2313 574 2410 languit
592 2310 797 2401 industria3
818 2337 906 2383 nam
935 2312 1070 2386 eodem
1097 2337 1174 2413 quo
1198 2308 1311 2385 ¹antea

308 2429 458 2515 studi0,
486 2427 695 2503 commodis
722 2428 998 2527 discipulorum
1024 2430 1156 2520 domi,
1177 2432 1218 2505 in
1239 2454 1313 2501 no-

308 2547 477 2621 socomio
486 2569 528 2617 ac
542 2545 690 2619 theatro
703 2546 911 2635 inservivit,
921 2570 964 2619 ac
974 2548 1246 2646 nihil-uuquam
1257 2602 1267 2637 ,
1278 2548 1311 2619 si

308 2687 449 2762 paucos
461 2662 625 2760 excipias
641 2662 785 2734 aestivos
800 2685 971 2752 menses,
990 2663 1127 2761 quibus
1137 2667 1178 2736 in
1191 2666 1313 2764 patria

305 2780 400 2871 fuit,
419 2781 564 2875 rem‘sit
577 2775 623 2850 de
640 2776 789 2868 labore,
805 2803 920 2877 quem
931 2781 973 2850 in
984 2782 1206 2853 anatomicis
1214 2806 1313 2881 pra·

311 2899 440 2975 sertim
454 2896 866 2996 scriptionibussolitus
882 2911 961 2969 erat
975 2897 1209 2996 impendere.
1226 2903 1313 2972 Ete-

310 3017 404 3103 nim,
415 3012 519 3111 quod
526 3014 835 3111 mireris,magna
843 3020 936 3115 pars
942 3012 1255 3088 Adversarior-um
1270 3016 1313 3087 in

309 3128 1309 3227 haccorporisinfirmitateabeooonfectaest.Eodem

311 3269 468 3344 quoque
486 3259 658 3343 tempore
681 3247 799 3319 amice
818 3247 894 3345 ,pe'r
911 3247 1053 3321 litteras
1074 3271 1159 3345 cupi
1174 3251 1313 3324 Lanci-

313 3364 369 3439 sio
384 3362 586 3461 disputavit
600 3361 646 3436 de
660 3387 797 3463 genere
808 3366 947 3441 mortis
961 3365 1180 3464 Cleopatrae.

362 3480 558 3578 Multaque
575 3481 617 3555 in
631 3480 692 3555 his
713 3482 869 3574 litteris,
889 3507 977 3556 sane
1006 3482 1240 3582 elegantibus
1257 3500 1314 3558 at-

315 3623 389 3697 que
403 3597 577 3689 eruditis,
591 3599 713 3672 attulit
727 3599 816 3672 huic
829 3603 1091 3674 convenientia
1098 3604 1315 3694 sententia,

315 3740 429 3815 quam
443 3716 523 3813 ipse
535 3716 948 3818 tenebat,Cle0patram
962 3720 1101 3819 aspidis
1113 3744 1243 3792 morsu
1252 3745 1315 3819 pe-

316 3834 446 3923 riisse,
464 3832 641 3907 adversus
658 3859 738 3923 eos,
749 3822 974 3933 quiteneno
987 3863 1053 3909 ore
1067 3854 1176 3936 capto
1184 3838 1315 3913 subla-

315 3966 394 4027 tam
417 3951 709 4025 contendebant.
729 3955 945 4054 Scripsitet
960 3957 1031 4030 alia
1050 3957 1166 4031 multa
1181 3982 1316 4032 conse-
