2774 4666
224 470 292 518 ms.
321 469 346 515 1.
374 470 420 515 nn
446 466 581 515 uoams
606 465 762 532 cirins,
787 465 898 514 misr.
925 466 974 513 iv.
1033 444 1103 532 245

98 583 212 670 tatio,
229 596 342 679 atque
358 582 492 653 incisio
505 580 824 658 demonstrarunt.
835 584 953 651 Porro
965 581 1012 651 ad
1022 606 1107 654 con·
1128 577 1130 582 ’

97 699 314 772 vulsionem
342 696 578 771 inferendam
603 723 683 769 non
713 698 870 769 multam
891 722 980 770 sane
1000 724 1105 796 aquae
1172 697 1175 701 ’

98 820 250 918 copiam
266 819 439 915 valuisse,
457 843 537 888 non
553 816 768 904 miraberis,
788 818 853 913 qui
869 816 929 887 vel
948 839 1103 913 paucas,

100 936 219 1008 modo
235 928 351 1020 acris,
366 933 539 1006 humoris
558 948 680 1031 guttas
696 935 736 1005 in
749 957 868 1004 nervo
882 932 1011 1029 aliquo
1028 958 1107 1006 res·

99 1057 254 1127 titantes
271 1075 425 1150 magnas
442 1044 536 1122 scias
547 1049 794 1122 distentiones
811 1072 1017 1122 nervorum
1032 1048 1107 1123 effi-

101 1196 188 1244 cere
208 1198 216 1240 :
235 1195 314 1240 non
333 1192 457 1241 acrem
474 1192 565 1239 vero
586 1168 693 1239 istam
720 1190 857 1263 aquam
882 1191 961 1237 non
988 1170 1107 1264 possis

101 1288 313 1359 existimare
332 1309 415 1381 quae
430 1309 475 1360 ex
490 1282 721 1379 ejuscemodi
733 1278 836 1354 febre
848 1283 887 1354 in
898 1283 1107 1384 cerebrum,

101 1404 259 1500 ejusque
276 1402 533 1489 membranas,
547 1401 690 1498 quippe
709 1399 749 1469 in
770 1415 914 1497 partes,
935 1414 978 1472 ut
999 1403 1039 1473 in
1061 1428 1108 1476 eo

101 1519 282 1607 homine,
309 1519 469 1588 maxime
486 1515 678 1604 infirmas,
703 1531 859 1614 repente
878 1516 1105 1591 incubuerit.

101 1635 215 1727 Quod
245 1637 275 1708 si
302 1634 414 1724 mihi,
440 1650 484 1706 ut
519 1614 724 1730 aliquando
753 1633 951 1725 Valsalvae,
980 1651 1108 1733 presto

101 1751 233 1826 fuisset
247 1755 313 1851 qui
334 1766 479 1842 certos,
498 1754 539 1824 in
556 1751 801 1825 cadaveribus
823 1750 1104 1850 deprehensos,

101 1870 285 1942 humores
303 1889 416 1969 gustu
431 1873 664 1970 exploraret,
679 1887 746 1943 aut
758 1874 790 1944 si
803 1873 903 1943 inter
921 1870 1107 1945 dissecan-

102 1987 194 2060 dum
216 1988 390 2062 subiisset
406 1991 575 2063 animum
592 1991 769 2088 cogitatio
785 1991 931 2062 ratione
948 1989 1018 2061 alia
1042 1990 1109 2062 ali·

102 2132 197 2204 qua‚
214 2122 251 2178 et
268 2104 425 2181 fortasse
438 2132 519 2178 noo
531 2128 688 2205 prorsus
699 2107 860 2194 incerta,
875 2105 975 2177 idem
986 2094 1109 2206 inqui·

100 2224 233 2314 rendi3
261 2224 360 2322 quid⁴
387 2222 483 2296 mihi
513 2224 560 2296 de
588 2222 663 2297 boc
691 2248 846 2322 quoque
870 2239 1108 2320 compertum

100 2357 218 2447 esset,
239 2356 366 2413 tecum
383 2341 617 2441 perlibenter
637 2342 971 2415 communicarem.
996 2328 1107 2415 Nunc

100 2457 213 2529 hilari
236 2460 364 2530 animo
390 2483 474 2557 quae
506 2482 661 2557 possum
674 2444 677 2448 Α
690 2459 818 2556 accipe
834 2485 842 2528 ε
859 2473 924 2530 aut
951 2458 1106 2555 quando

99 2601 180 2648 non
200 2575 318 2650 modo
334 2578 375 2648 in
389 2574 449 2649 his
462 2576 631 2664 duobus,
647 2575 713 2649 sed
736 2576 785 2647 in,
796 2573 969 2673 pluribus
993 2576 1106 2647 etiam

99 2694 181 2765 aliis
209 2717 256 2765 ex
285 2694 330 2765 iis
355 2692 601 2791 apoplecticis
618 2716 717 2789 quos
741 2692 901 2788 epistola
924 2691 995 2762 hac
1022 2692 1110 2765 des·

99 2811 216 2910 cripsi
235 2808 455 2908 (1)‚fluidus
472 2808 623 2905 sanguis
640 2809 907 2894 inventusest3
927 2808 1034 2896 vide,
1058 2833 1106 2880 an

98 2927 192 2999 hinc
209 2926 279 2998 tibi
295 2951 383 2999 cum
393 2925 566 3001 Inncisio
577 2921 959 3020 (2)placeatacrium‚
976 2938 1013 3004 et
1026 2924 1108 2996 irri-

98 3046 264 3119 tantium
295 3045 451 3132 salium,
467 3045 507 3114 in
531 3040 759 3139 quibusdam
783 3038 912 3115 saltem
933 3038 1108 3133 illorum,
1152 3078 1159 3094 =

97 3165 197 3253 vim,
216 3178 253 3234 et
270 3160 561 3237 redundantiam
579 3172 796 3257 agnoscere.

149 3281 209 3353 28.
223 3280 361 3352 Mulier
368 3278 629 3376 sexagenaria,
646 3275 786 3363 multos
792 3274 870 3371 jam
880 3300 1001 3350 annos
1007 3276 1107 3351 lecto

98 3396 211 3472 affixa
225 3397 276 3470 ob
289 3396 552 3470 musculorum
570 3394 869 3466 contractionem
891 3408 994 3466 artus
1012 3390 1107 3466 infe·
1203 3476 1206 3483 λ

97 3516 220 3587 riores
234 3514 480 3601 moventium,
489 3530 621 3587 caetera
634 3514 685 3585 sic
697 3512 784 3584 satis
791 3511 992 3601 valens,ut
1003 3525 1107 3587 certe

97 3631 362 3732 superioribus
382 3632 589 3730 praesertim
612 3628 765 3718 diebus,
793 3653 880 3702 cum
893 3626 1109 3727 aliquanto

201 3935 206 3943 .
235 3958 243 3974 ⁸
287 3959 297 3987 ‚
340 3959 348 3987 ,
435 3936 463 3972 ι.
1061 3970 1064 3975 y

137 3917 184 4097 {d}
202 3920 249 4076 ξι
262 3917 470 4077 godefrido.
483 4014 558 4075 Oht.
571 4015 661 4095 Phys.
674 4017 763 4072 Amr.
782 4022 799 4082 t.
816 4013 848 4068 in
861 4007 964 4071 sont
976 4014 1005 4077 t.
