2774 4670
291 426 361 499 516
453 448 499 495 nr
526 447 740 495 senneser
766 446 1124 494 clus1suonnonuu

287 560 475 650 cruribus,
493 559 786 656 ambulandique
814 557 996 631 facultate
1019 558 1289 632 Confirmabat·

287 705 362 787 que
374 681 431 749 vir
448 678 493 749 cl.
512 703 591 748 non
609 702 655 747 eo
670 676 876 749 duntaxat
867 703 907 746 111
921 701 1033 765 casu,
1058 677 1125 749 sed
1144 693 1183 749 et
1208 678 1290 764 alias

287 799 326 867 in
337 797 417 867 aliis
433 799 640 867 vesicontia
652 795 723 865 nlu‘
736 792 913 865 adversus
932 794 1201 877 convulsiones
1219 819 1290 864 res·
1375 776 1381 893 l

284 912 485 1019 pondisse:
507 927 548 982 ut
568 912 702 983 merito
719 908 849 982 lecerit
862 912 1160 1008 Hippocrates(
1147 910 1183 1006 1)
1211 936 1292 981 eum
1375 902 1381 955 ·;

286 1028 435 1119 docuit,
453 1028 725 1100 convulsionem
734 1029 830 1123 fieri
842 1027 908 1098 vel
923 1053 971 1098 ex
987 1026 1220 1125 repletione,
1238 1028 1295 1100 vel

284 1173 332 1218 ecc
353 1151 578 1216 inanitione:
568 1169 685 1242 quas
703 1143 794 1215 duas
809 1168 936 1216 causas
954 1145 1118 1216 Galenus
1140 1170 1290 1242 quoque
1375 1236 1379 1249 Ι

283 1264 490 1362 praecipuas
506 1262 652 1363 posuit,
676 1264 745 1335 etsi
764 1262 866 1331 illam
887 1286 1166 1358 nonnunquam
1191 1261 1291 1332 addi·
1378 1338 1379 1349 ἵ

283 1381 387 1478 dit(o
391 1381 421 1476 ),
438 1406 521 1478 quae
538 1380 730 1477 plerisque
744 1393 876 1510 postea
895 1381 945 1448 ita
960 1378 1122 1475 placuit,
1134 1394 1180 1449 ut
1194 1380 1291 1475 prio-
1378 1356 1379 1377 Χ

282 1524 343 1571 res
364 1499 456 1570 duas
475 1498 701 1594 abjecerint,
720 1498 900 1567 nimirum
925 1520 1008 1592 quse
1029 1520 1078 1565 ex
1101 1495 1292 1566 mordente
1373 1406 1380 1577 l

284 1634 323 1689 et
340 1623 442 1687 tenni
456 1617 611 1687 humore
630 1617 788 1713 petitur,
805 1620 871 1710 qui
882 1636 1038 1684 nervoso
1054 1636 1224 1710 corpora
1241 1637 1292 1682 ro·

283 1734 369 1823 dat,
385 1733 560 1804 videlicet
578 1734 757 1819 irritatio,
772 1720 911 1805 nostris
926 1745 1052 1800 tamen
1071 1730 1188 1801 etiam
1210 1744 1291 1802 tem·

282 1851 440 1952 poribus
454 1849 501 1921 ab
517 1850 637 1921 doctis
651 1848 878 1946 quibusdam
893 1848 983 1921 viris
991 1846 1040 1917 ad
1052 1846 1292 1945 repletionem

282 1971 409 2061 relate.
428 1972 643 2065 Utcumque
658 1966 697 2039 id
715 1982 790 2055 est,
808 1981 1007 2038 certorum
1026 1989 1048 2034 a
1061 1963 1290 2062 repletione,

284 2103 326 2159 ut
338 2088 378 2157 in
389 2109 434 2156 eo
444 2109 580 2182 puero,
590 2083 855 2177 convulsiones
868 2081 983 2172 fiunt,
997 2106 1077 2152 non
1089 2082 1164 2153 nisi
1175 2081 1291 2152 ablata

179 2262 182 2271 ,
283 2205 347 2275 illa
363 2203 519 2275 materia
533 2201 634 2290 tolli,
661 2228 743 2299 quae
762 2217 825 2272 aut
852 2200 1058 2299 gravandi),
1084 2214 1153 2271 aut
1171 2198 1293 2270 distra-

283 2321 436 2409 hendo,
453 2345 514 2391 eas
530 2319 626 2390 lacit.
654 2324 738 2390 Haec
762 2318 880 2390 ferme
903 2317 975 2389 ille.
995 2315 1110 2407 Quod
1129 2341 1224 2387 vero
1251 2314 1293 2385 ad
1353 2350 1356 2359 ¹

285 2440 431 2537 reliqua
442 2439 574 2508 attinet
584 2462 667 2535 quee
678 2438 718 2506 in
732 2435 888 2509 historia
899 2434 1191 2532 proposuimus3
1206 2457 1294 2503 mor

284 2557 357 2630 hus
378 2556 503 2654 regius
521 2581 568 2626 an
583 2552 634 2625 ob
658 2578 740 2624 eam
767 2577 915 2624 oausam
934 2576 972 2623 se
991 2550 1186 2647 prodidit,
1214 2551 1296 2647 quia

287 2673 484 2746 convulsio
493 2670 647 2741 hilarios
659 2670 770 2740 etiam
782 2668 918 2739 ductus
929 2669 1295 2766 constrinxerat,per

286 2787 499 2889 quosbilis,
510 2785 698 2859 salubrem
713 2783 869 2857 fortasse
879 2783 1023 2871 fluxum
1041 2780 1208 2873 lactura,
1218 2809 1296 2882 pro

286 2908 366 2981 dire
380 2909 457 3004 jam
475 2905 667 3004 coeperat?
694 2908 750 2973 An
765 2902 851 2974 bilis
867 2905 907 2973 in
924 2903 1110 2998 sanguine
1130 2917 1294 2991 retenta,

285 3027 384 3097 inter
402 3046 531 3097 causas
558 3018 629 3090 fuit
652 3045 734 3120 quae
757 3018 862 3091 hunc
887 3017 1047 3091 fluidum
1070 3020 1294 3091 servarunt?

220 3142 231 3163 ⁹
286 3167 375 3215 nam
394 3156 430 3212 et
445 3139 533 3213 alias
549 3135 663 3211 fuisse
688 3161 836 3225 causas,
850 3136 990 3207 indicio
1003 3149 1060 3206 est
1071 3137 1291 3232 ipsius„aeri

288 3258 464 3356 expositi,
486 3269 611 3349 secuta
629 3255 844 3342 concretio,
857 3255 932 3333 sive
947 3251 1053 3350 quod
1066 3276 1199 3349 aqueae
1216 3278 1291 3351 par·

286 3375 424 3461 ticulae,
442 3374 517 3444 sive
535 3371 640 3469 quod
659 3372 759 3459 alie,
784 3371 1003 3443 intestinum
1026 3384 1178 3440 motum
1199 3372 1290 3440 cien-

287 3510 344 3571 tes
354 3494 412 3581 ,in
426 3514 533 3560 auras
547 3487 719 3559 abierint.
731 3492 788 3567 An
798 3487 1036 3561 convulsioni
1045 3502 1126 3557 ntra
1143 3511 1288 3584 quoque

287 3612 351 3685 illa
363 3605 523 3706 nigredo
539 3607 630 3677 recti
645 3596 811 3685 intestini
821 3603 1043 3693 debebatur,
1060 3603 1137 3674 sive
1151 3603 1288 3674 canales

352 3770 361 3783 ,
821 3754 824 3769 .

328 3895 374 3974 (r)
394 3897 425 3952 S.
438 3893 474 3963 6,
489 3889 568 3966 Aph.
584 3892 632 3965 39.

328 3994 373 4076 (o)
393 3992 487 4071 Moth.
501 3990 582 4048 Med.
596 3991 617 4046 l.
635 4006 681 4060 ru,
695 3988 728 4045 iu
740 3986 794 4047 fin·
