2798 4668
275 378 346 469 584
446 406 493 455 oa
519 403 665 453 seorsus
689 405 734 451 sr
760 402 884 453 causrs
909 404 1120 461 noaroaun

275 519 382 589 hiatu
414 516 617 606 distarent,
645 532 683 624 et
701 518 788 589 hinc
814 517 900 589 inde
907 518 1031 611 facile
1050 517 1166 590 modo
1181 520 1289 611 flecti

267 650 443 735 possent,
465 659 552 706 cum
572 636 611 706 in
636 636 764 734 priore
793 632 932 709 infante
962 649 1087 707 essent
1115 650 1288 706 tantum·

276 752 415 840 modo,
436 767 478 823 ut
493 751 571 824 fere
584 754 625 823 in
641 752 716 825 hoc
733 752 869 824 morbo
889 751 1031 842 solent,
1043 751 1209 823 divulsa.

325 870 472 941 Scilicet
490 894 594 967 aquae
606 871 644 939 in
662 869 946 969 hydrqcephalo
966 871 1110 942 sensim.
1124 893 1290 967 conges-
1384 948 1385 951 Ἴ

274 1003 334 1072 tae,
353 987 383 1058 si
399 1000 508 1059 tener
526 988 732 1086 praesertim
753 989 800 1059 sit
819 984 948 1077 foetus,
967 988 1024 1058 vis
1044 1011 1190 1084 urgens
1208 1011 1288 1056 ma-

274 1101 408 1175 nifesta
429 1120 502 1194 est,
526 1129 648 1202 eoque
668 1106 802 1203 magis,
828 1130 904 1204 quo
923 1105 1032 1177 citius
1053 1128 1169 1205 agere
1193 1104 1290 1175 inci·

275 1223 331 1321 pit
349 1223 388 1292 in
409 1223 536 1295 minus
551 1225 766 1297 resistentes
787 1222 905 1294 cranii
924 1236 1059 1320 partes.
1092 1222 1196 1293 Hinc
1216 1220 1290 1292 hu·

273 1339 335 1434 jus
361 1341 502 1411 ossium
525 1339 731 1438 impeditus
754 1365 833 1411 non
858 1363 1029 1412 accessus
1053 1337 1197 1428 modo,
1224 1338 1289 1411 sed

277 1471 315 1528 et
344 1458 466 1554 ipsum
499 1456 588 1528 alias
621 1458 862 1555 pauciorum,
888 1458 977 1533 alias
1009 1457 1291 1555 plerorumque
1384 1526 1385 1529 ,

277 1574 571 1663 incrementum,
596 1589 638 1645 ut
658 1599 813 1672 prorsus
830 1575 960 1647 deesse
979 1574 1196 1647 rideantur.
1217 1579 1290 1645 Ve-

278 1715 363 1760 rum
393 1692 549 1788 insuper
567 1717 844 1790 nonnunquam
863 1691 1014 1781 accidit,
1043 1707 1086 1763 ut
1107 1694 1292 1763 universa

278 1809 439 1880 tumoris
447 1810 566 1881 moles
583 1835 661 1880 non
682 1812 852 1903 cranium
863 1808 1148 1899 tantummodo,
1168 1809 1294 1882 sedet

279 1927 450 2024 corporis
469 1950 552 1997 ossa
565 1928 709 2022 reliqua
722 1926 774 1998 sic
793 1943 958 2024 premat,
969 1942 1011 1998 nt
1026 1925 1140 1998 foetus
1155 1925 1292 2014 facim,

279 2058 316 2113 et
334 2068 473 2141 corpus
484 2044 523 2112 in
537 2058 790 2118 transversum
800 2046 930 2141 magis,
945 2068 1062 2142 quam
1074 2044 1292 2115 secundum
1384 2096 1385 2133 ,

280 2160 582 2256 longitudinem,
610 2176 826 2258 augeantur.
852 2162 1044 2257 Cujusrei
1068 2163 1292 2259 exemplum
1384 2176 1385 2221 2

281 2302 326 2347 eo
345 2276 525 2349 libentius
546 2278 760 2374 subjiciam,
787 2279 891 2376 quod
917 2278 1093 2377 perlectis
1112 2279 1293 2376 plurimis

280 2391 652 2493 hydrocephalorum
663 2394 1000 2482 observationibus,
1012 2420 1205 2494 nusquam
1213 2422 1294 2468 me·

281 2514 376 2583 mini
403 2514 546 2612 legisse.
572 2514 824 2629 Sceleton·est
853 2515 953 2612 apud
974 2538 1034 2584 mc
1058 2528 1147 2586 ante
1169 2539 1292 2593 annos

284 2630 548 2729 quadraginta,
567 2648 630 2703 aut
647 2657 692 2702 eo
708 2632 835 2730 plures
853 2631 1085 2722 consectum,
1107 2647 1151 2703 ut
1170 2634 1236 2703 vix
1255 2631 1291 2703 id

283 2750 540 2839 meminerim,
558 2750 667 2821 abeo
685 2752 752 2847 qui
767 2749 871 2821 dono
889 2750 1009 2836 dedit,
1028 2750 1219 2829 audivisse
1242 2749 1292 2821 fe-

284 2867 400 2936 minei
413 2863 524 2937 foetus
542 2851 639 2954 esse,
653 2893 673 2938 a
687 2892 825 2965 magno
839 2869 990 2940 interno
1002 2867 1293 2966 hydrocephalo

285 2984 325 3052 in
345 2984 473 3054 matris
491 2999 600 3054 utero
620 2987 752 3055 enecti.
772 2990 817 3055 Et
835 3009 924 3056 sane
944 2985 1058 3057 cranii
1077 3009 1216 3056 cavum
1234 2984 1292 3055 vel

285 3124 387 3170 nunc
401 3099 516 3170 habet
532 3101 645 3197 triplo
659 3099 765 3179 facile
778 3104 950 3199 capacius
965 3127 1077 3200 quam
1091 3100 1208 3175 foetus
1222 3129 1292 3174 no·

285 3218 485 3323 vimestris‚
506 3232 543 3289 et
571 3220 601 3290 si
626 3218 691 3290 ubi
718 3220 898 3318 pleraque
919 3235 1001 3292 toto
1026 3246 1190 3318 corpore
1210 3245 1292 3293 ossa

287 3349 454 3431 spectes,
484 3338 670 3438 minorem
701 3337 925 3433 septimestri
952 3336 1058 3409 facile
1086 3363 1316 3435 agnoscam,

287 3452 354 3524 ubi
373 3478 462 3523 vero
483 3454 638 3552 dempto
660 3456 797 3552 capite,
816 3455 1068 3543 altitudinem,
1092 3457 1156 3524 vix
1180 3458 1289 3554 quin·

287 3573 492 3668 quemestri
506 3572 687 3666 majorem
702 3574 879 3645 invenias.
900 3576 1042 3670 Nempe
1058 3572 1227 3672 oblonga
1242 3600 1293 3644 ar·

286 3704 395 3759 tuum
424 3710 507 3759 ossa
527 3690 653 3760 omnia
675 3705 818 3787 quanto
845 3689 1027 3761 crassiora
1051 3716 1158 3786 aequo
1182 3706 1291 3777 sunt,

288 3820 393 3877 tanto
414 3821 502 3876 sunt
514 3807 624 3877 etiam
645 3806 839 3896 breviora,
856 3824 898 3880 ut
919 3833 1002 3904 quse
1016 3832 1125 3879 causa
1145 3807 1290 3879 obstitit

288 3948 336 3992 ne
349 3924 389 3992 in
401 3923 676 4021 longitudinem
694 3940 920 4011 crescerent,
933 3950 975 3995 ea
988 3940 1030 3995 ut
1042 3926 1081 3994 iu
1099 3941 1288 3998 transver-
