2780 4666
319 421 390 496 268
478 447 526 496 nu
552 447 697 498 scurrus
723 446 767 497 ar
792 444 916 498 causis
940 446 1149 498 nonnosum

317 576 547 650 cremasset,
568 587 657 634 mox
685 564 725 633 in
745 586 816 660 pus
834 586 983 651 versus,
1011 564 1140 635 striato
1162 584 1308 660 corpore

318 693 522 777 perrupto,
541 680 580 750 in
599 680 818 777 impositum
838 680 1109 768 ventriculum,
1133 705 1180 753 ex
1201 702 1309 783 eoque

317 793 357 863 in
377 794 534 865 alterum
553 797 732 873 irruisset.
752 802 895 892 Verum
921 822 1009 869 cum
1027 795 1249 894 sanguinem
1264 790 1306 865 el-

319 907 444 981 fusum
462 927 646 1009 perstare,
664 938 743 985 non
756 939 829 1012 pus
840 911 938 1001 fieri,
954 913 1033 985 aliae
1047 913 1136 985 alias
1152 913 1208 1008 (ι)
1223 937 1243 982 a
1256 935 1309 982 no·

318 1025 377 1097 bis
394 1028 600 1125 producte,
618 1030 948 1128 producendaeque
967 1029 1132 1102 historiae
1145 1053 1309 1127 compro·

317 1140 430 1234 bent3
446 1147 559 1218 satius
580 1162 635 1219 est
655 1149 863 1242 conjicere,
880 1147 1113 1233 abscessum,
1140 1146 1307 1245 paulatim

318 1260 359 1330 in
376 1260 533 1334 cerebro
546 1260 975 1352 lactum‚vehementem
990 1264 1135 1336 febrem
1151 1279 1242 1335 tunc
1259 1287 1309 1333 ex·

301 1378 468 1467 citasse,
488 1404 574 1452 eum
600 1404 644 1451 ex
665 1381 746 1475 ejus
763 1381 923 1453 materia
940 1405 1013 1480 pus
1037 1377 1309 1466 conficiebatur,

320 1519 398 1591 quo
418 1494 609 1583 coniectu,
629 1521 667 1569 se
695 1494 827 1585 febris,
844 1511 887 1568 ut
908 1496 1021 1586 solet,
1049 1497 1237 1569 remiserit
1256 1493 1308 1591 (a),

318 1635 409 1683 mox
422 1628 546 1684 autem
563 1637 670 1701 cum,
685 1614 745 1684 via
761 1611 832 1685 sibi
848 1613 944 1685 faeta
967 1638 1036 1712 per
1054 1637 1196 1711 corpus
1219 1613 1307 1685 stria·

316 1741 418 1816 tum,
433 1752 505 1825 pus
521 1731 560 1800 in
579 1729 809 1801 ventriculos
832 1729 1072 1818 redundavit,
1095 1731 1208 1801 istam
1229 1752 1305 1826 apo·

318 1845 469 1942 plectici
486 1847 632 1943 generis
642 1843 878 1918 affectionem
891 1848 1098 1920 accessisse.
1117 1851 1227 1919 Extat
1234 1850 1309 1916 Lau·

322 1960 438 2059 bii(3)
453 1961 666 2035 observatio
676 2014 686 2051 ,
695 1962 784 2034 alibi
794 1989 947 2061 quoque
960 1963 1101 2037 anobis
1110 1960 1218 2037 facile
1228 1984 1310 2034 com-

321 2080 679 2177 memoranda‚quae
690 2070 855 2152 conferri
867 2080 1032 2155 cumbae
1042 2092 1310 2180 posset3tamet·
1355 2098 1357 2103 ·

322 2196 353 2268 si
373 2196 492 2268 multo
507 2198 625 2271 serius
641 2214 728 2296 post
745 2223 895 2296 gravem
914 2197 1066 2287 febrim,
1091 2197 1311 2296 apoplexiae

320 2335 415 2410 pure
430 2316 605 2386 successit
617 2358 638 2403 ,ι
652 2316 682 2387 si
699 2314 900 2388 dilucidius
916 2316 1079 2387 indicata
1097 2315 1196 2386 esset
1215 2313 1310 2408 hujus

321 2430 438 2502 sedes.
457 2435 622 2530 Apparet
643 2433 765 2521 enim,
784 2430 969 2504 effluxisse
986 2456 1006 2502 e
1024 2431 1170 2503 cerebri
1191 2430 1311 2503 hemis·

320 2546 467 2646 pbaerio
475 2551 625 2621 sinistro
635 2573 749 2646 supra
766 2573 808 2620 os
818 2564 1035 2646 petrosum3
1057 2547 1122 2620 sed
1132 2571 1214 2618 non
1223 2567 1311 2643 aeque

322 2664 544 2763 intelligitur
562 2664 628 2736 ubi
643 2690 771 2737 uersus
788 2646 976 2736 thalamos
992 2663 1146 2760 (ambos
1165 2664 1310 2749 scilicet,

322 2782 642 2883 quemadmodum
670 2780 749 2852 haec
777 2784 858 2880 ipsa
885 2781 1000 2855 verba
1027 2778 1253 2879 significant,
1280 2790 1313 2847 ut

323 2923 564 2999 praegressam
584 2902 800 2971 omittamus
818 2899 1016 2994 utriusque
1037 2898 1142 2969 oculi
1166 2894 1314 2969 affectio·

325 3024 437 3109 nem)
455 3016 544 3105 ubi,
568 3018 747 3113 inquam,
770 3014 1113 3091 versmthalamos
1136 3006 1315 3086 nervorum

325 3139 533 3233 opticorum
551 3158 623 3231 pus
637 3131 749 3206 fuerit
767 3147 881 3204 antea
898 3132 1120 3203 conclusum.
1136 3135 1262 3226 Longe
1274 3114 1314 3197 tass

326 3274 414 3323 men
434 3249 630 3323 obscurior
647 3251 834 3347 scaturigo
854 3263 909 3321 est
927 3247 1028 3320 illius
1045 3248 1171 3345 puris,
1186 3241 1315 3345 quoda

326 3366 495 3442 valsalva
511 3365 579 3440 fuit
595 3370 643 3439 in¹
652 3369 767 3439 altera
782 3366 1005 3438 dissectione
1022 3355 1314 3461 conspectum‚si

327 3508 407 3555 non
421 3500 507 3582 post
519 3510 646 3557 veram
662 3484 918 3583 apoplexiam,
934 3497 971 3554 at
995 3497 1095 3553 certe
1115 3494 1203 3580 post
1221 3473 1313 3550 affec·

368 3784 412 3863 (1)
434 3785 528 3861 Epist.
541 3788 630 3841 Anat.
646 3784 700 3854 13,
717 3801 748 3838 n.
762 3782 816 3852 23,
831 3792 861 3838 et
875 3780 970 3857 Epist.
982 3782 1073 3839 Anat.
1086 3777 1184 3838 Medic
1197 3794 1214 3836 a
1227 3766 1316 3850 ‚nub

370 3886 414 3963 (a)
435 3885 579 3960 Hippoer.
597 3886 630 3943 S.
645 3901 681 3956 a,
695 3878 772 3959 Aph.
789 3888 836 3953 47.

367 3983 413 4063 (3)
422 3979 509 4060 .pr
523 3986 563 4043 Ν.
576 3985 610 4042 C.
623 3984 709 4042 Ceut.
725 4000 761 4056 7,
776 3980 842 4040 obs.
854 3980 903 4058 39.
