2780 4666
196 442 265 500 tm.
293 453 318 499 1.
346 448 873 512 nruonmscarrrrs,ur1sr.
901 447 950 495 vr.
1003 425 1074 522 329

124 564 300 635 Thoracis
316 587 427 637 cavea
442 562 593 634 dextera
608 586 732 635 serum
748 560 882 633 habuit
898 587 976 632 non
988 586 1077 659 pau·

84 706 180 770 cum,
199 679 417 766 turbidum,
436 692 473 750 et
488 679 528 748 in
541 693 645 775 parte
663 679 769 774 quasi
786 678 998 749 saniosnm:
1034 678 1074 748 si·

84 801 190 869 nistra
221 811 347 868 autem
372 819 557 894 paucum,
588 794 703 891 idque
722 810 930 869 cruentum.
958 794 1074 888 Hujus

83 938 191 986 caveae
209 913 343 1011 pulmo
360 927 437 983 erat
457 936 478 983 a
494 911 608 982 latere
626 935 694 1009 per
711 912 946 983 membranas
964 911 1076 1005 alicu·

83 1029 118 1100 bi
131 1030 176 1100 ad
191 1029 360 1128 pleuram
378 1053 565 1116 annexus,
591 1044 627 1100 et
656 1031 829 1127 superius
849 1028 1012 1100 habebat
1034 1028 1075 1098 in

84 1144 272 1245 superficie
291 1145 513 1245 particulam
529 1146 683 1234 duram,
700 1147 849 1232 vitium,
870 1160 911 1217 ut
929 1144 1076 1216 videba-

84 1279 153 1347 tur,
163 1265 383 1361 antiquum,
396 1278 525 1337 catera
537 1288 621 1336 aere
633 1264 872 1336 mediocriter
883 1262 1077 1347 distentus,

86 1396 118 1452 et
133 1383 161 1454 si
175 1406 340 1472 secares,
356 1383 519 1454 multum
544 1380 743 1454 effundens
764 1383 929 1480 spumosi
939 1379 1076 1450 humo-

86 1497 147 1587 ris,
168 1524 216 1569 an
243 1500 334 1572 illuc
359 1524 405 1573 ex
430 1500 583 1573 dextero
600 1524 668 1597 per
682 1499 865 1570 bronchia
883 1496 1076 1595 expressi?

87 1618 217 1715 quippe
248 1617 357 1713 cujus
376 1617 580 1690 substantia
604 1619 657 1688 sic
683 1615 779 1689 facta
799 1631 878 1688 erat
899 1615 1014 1704 dura,
1037 1626 1077 1684 et

90 1749 292 1832 compacta,
320 1748 362 1806 ut
379 1737 560 1806 continuo
594 1735 789 1832 intelliges.
821 1736 991 1829 Namque
1013 1730 1078 1801 hie

89 1852 208 1947 pulmo
236 1853 410 1950 superius
437 1853 610 1950 quidem,
630 1877 703 1951 qua
720 1866 824 1950 parte
843 1873 928 1922 cum
948 1849 1078 1946 pleura

90 1992 195 2042 nexus
213 1984 314 2058 erat,
333 1987 535 2068 corruptus
550 1970 768 2058 videbatur3
786 1984 865 2040 tota
881 1982 1005 2040 autem
1022 1990 1077 2035 re·

88 2072 298 2187 liqua,⁴quae
319 2086 439 2159 multo
456 2090 616 2159 maxima
632 2103 728 2175 erat,
746 2101 851 2184 parte
866 2084 1079 2184 praedurus,

91 2217 122 2272 et
135 2205 236 2277 valde
258 2203 498 2294 tumefactus,
520 2229 694 2292 manum,
716 2206 746 2277 si
764 2203 967 2289 attolleres,
992 2224 1081 2297 prae·

93 2322 265 2422 gravabat.
292 2324 426 2396 Colore
457 2325 618 2397 exterius
641 2336 889 2393 eratrcarneo.
919 2318 1080 2391 Interius

91 2462 250 2537 quoque,
267 2465 509 2538 quacumque
530 2463 693 2527 secares,
715 2463 761 2510 ex
775 2436 991 2534 constipatis
1007 2458 1082 2505 car·

92 2558 161 2628 neis
173 2559 390 2656 particulis,
403 2560 511 2656 quasi
525 2583 570 2630 ex
584 2573 641 2630 tot
655 2555 836 2653 globulis,
851 2567 1021 2647 constare
1031 2551 1082 2620 vi-

93 2669 257 2764 debatur,
275 2677 432 2749 vasculis
455 2675 518 2745 hic
539 2674 615 2745 illic
643 2673 840 2744 distinctus
867 2670 914 2740 ab
935 2669 1080 2739 incluso

92 2794 261 2888 sauguine
294 2793 565 2891 nigricantibus
589 2817 598 2861 ε
625 2794 750 2888 itaque
777 2787 981 2889 superioris
1003 2784 1082 2856 lobi

93 2928 254 3003 suprema
270 2934 357 3007 pars
373 2909 423 2981 ob
439 2906 712 2982 confertissima
724 2930 830 2994 vasa,
848 2920 924 2975 tota
938 2916 1018 2973 erat
1030 2902 1083 2971 ni-

95 3044 160 3117 gra.
182 3027 322 3099 Multus
337 3040 463 3098 autem
493 3025 631 3096 humor
656 3021 830 3122 putridus
854 3047 900 3093 ex
924 3017 1083 3090 dissecto

94 3140 264 3236 pulmone
281 3138 354 3215 hoc
369 3142 523 3214 dextero
541 3142 726 3242 prodibat.
741 3143 944 3237 Aquatuor
960 3134 1085 3207 cordis

95 3255 235 3331 orificiis
256 3261 414 3332 totidem
435 3253 668 3358 incipiebant
693 3257 952 3330 concretiones
982 3254 1085 3352 poly-

95 3376 310 3469 posae,'inde
328 3378 368 3448 in
393 3376 708 3475 respondentium
731 3397 908 3446 vasorum
932 3364 1086 3443 truncos

95 3491 339 3585 productae,et
348 3497 388 3565 in
398 3508 620 3566 truncorum
629 3516 784 3588 quoque
793 3503 1087 3579 ramos,utcerte

95 3604 130 3675 in
150 3610 432 3706 pulmonaribus
449 3636 561 3699 vena,
579 3609 791 3706 arteriaque
814 3607 1086 3705 conspeximus.

97 3724 247 3818 Majores
263 3728 333 3798 illae
352 3742 458 3800 erant
474 3727 553 3798 duae
572 3729 711 3825 quaein
725 3749 838 3797 venas
850 3723 955 3820 juxta
968 3724 1090 3819 singu·

98 3836 145 3911 las
161 3844 344 3916 auriculas
361 3843 599 3918 ferebantur:
625 3822 719 3945 quin
737 3858 773 3914 et
789 3844 828 3912 in
846 3839 1030 3912 auriculas
1051 3861 1089 3908 se

101 3960 362 4054 expandebant,
371 3964 576 4059 prasertim
584 3977 709 4033 autem
718 3958 966 4032 in'dexteram.
977 3958 1091 4027 Erant
