2780 4666
282 426 352 501 328
448 452 494 497 DE
521 449 666 499 sumnus
690 452 735 497 ET
761 434 884 499 catisls
910 453 1120 502 MORBORUM

281 580 449 636 aternum
469 580 647 662 tangens,
665 562 864 636 indicabat.
885 567 1073 655 Quocirca
1095 568 1290 664 sauguinis

279 705 407 778 paucae
424 682 543 751 unciae
560 680 715 750 contiuo
733 704 753 750 e
774 704 890 751 manu
909 680 1084 753 detractae
1105 685 1210 771 sunt,
1233 710 1289 754 ea-

281 823 356 895 que
373 814 551 896 praeterea
577 822 659 894 quae
681 798 886 897 incipiente
904 801 1069 896 pectoris
1084 798 1289 870 inflamma·

279 917 382 986 tione
402 915 544 1004 solent,
563 928 599 985 et
613 913 715 1001 data,
734 929 771 986 et
786 917 948 988 exterius
963 914 1142 988 adhibita.
1169 918 1288 988 Dolor

280 1033 454 1132 posthaec
465 1033 563 1103 intra
573 1056 694 1101 unum
705 1030 805 1103 diem
816 1034 1028 1104 recessitsic
1038 1016 1286 1130 utnunquam

280 1167 410 1250 postea
435 1149 482 1221 de
508 1149 573 1221 illo
590 1163 654 1219 aut
680 1149 726 1220 de
753 1148 832 1220 ullo
856 1148 1020 1222 thoracis
1041 1152 1285 1222 incommodo
1381 1132 1382 1177 ³

280 1283 511 1365 conquestus
530 1269 584 1338 sit.
615 1267 804 1358 Quoniam
831 1283 956 1340 tamen
984 1267 1141 1340 abeunti
1163 1268 1284 1340 dolori

280 1401 418 1458 stertor
432 1386 627 1473 successit,
646 1399 835 1483 strepente
849 1387 889 1455 in
909 1410 1039 1485 aspera
1061 1388 1198 1457 arteria
1219 1386 1283 1457 hu·

279 1529 404 1592 mora,
421 1505 527 1601 isque
543 1500 704 1573 biduum
721 1501 891 1590 duravit,
908 1502 1124 1601 vibratique,
1144 1504 1285 1576 interea
1382 1550 1383 1559 κ

280 1618 367 1693 facti
381 1637 469 1695 sunt
486 1621 638 1719 pulsum
663 1645 776 1718 saepe,
797 1634 834 1692 et
856 1620 1055 1717 diligenter
1081 1621 1283 1719 interroga·

279 1755 359 1827 tus,
376 1737 581 1836 numquid,
603 1753 640 1809 et
663 1736 731 1808 ubi
750 1736 952 1809 molestum
971 1752 1087 1824 esset,
1110 1762 1192 1808 non
1219 1739 1283 1808 alia
1382 1744 1383 1747 ’

279 1858 431 1928 tandem
444 1854 658 1954 respondit,
670 1853 855 1926 nisiunde
869 1854 1083 1952 colligeres,
1093 1878 1206 1953 grave
1219 1856 1283 1952 ipsi

281 1991 394 2072 caput
411 1974 550 2061 videri,
567 1974 687 2072 pungi
700 1970 878 2072 praeterea
898 1973 1056 2045 interius
1076 1971 1125 2042 ad
1137 1986 1282 2069 tempus

281 2091 487 2161 dexterum.
507 2096 655 2162 Interea
671 2091 740 2161 etsi
755 2105 893 2162 stertor
909 2089 1088 2176 desierat,
1111 2087 1282 2160 liberum·
1383 2106 1384 2125 ³

280 2233 354 2306 que
372 2223 451 2279 erat
475 2210 515 2277 in
534 2224 663 2278 utrum
688 2206 801 2278 vellet
816 2206 914 2278 latus
939 2204 1190 2295 decumbere;
1221 2207 1281 2278 de-

280 2325 481 2419 cumbebat
505 2340 629 2395 autem
661 2325 793 2420 saepius
813 2325 852 2394 in
877 2323 1094 2413 dexterum3
1122 2338 1160 2395 et
1187 2324 1282 2396 deni·

187 2460 190 2466 “
280 2468 354 2540 que
367 2434 477 2513 etiam
487 2441 618 2541 pulsus
634 2439 796 2510 vibratio
810 2441 1003 2512 remiserat
1015 2467 1025 2528 ;
1039 2440 1151 2513 uobis
1159 2455 1280 2513 tamen

278 2562 451 2633 isrerum
470 2574 675 2632 statusuon
686 2555 877 2655 placebat:
893 2581 1018 2655 neque
1029 2558 1070 2629 id
1083 2558 1279 2631 immerito.
1384 2558 1385 2563 ’

278 2680 372 2749 Nam
398 2692 534 2775 quarto
559 2689 623 2746 aut
647 2676 783 2775 quinto
813 2700 859 2746 cx
888 2699 965 2772 quo
987 2673 1098 2745 dolor
1123 2673 1280 2769 abierat,

280 2793 361 2884 die,
382 2798 449 2893 qui
473 2796 552 2866 dies
576 2790 644 2863 fuit
665 2793 763 2862 circa
779 2791 946 2863 medium
960 2793 1179 2887 januarium
1198 2796 1282 2864 anni

282 2915 376 3010 1706
392 2937 503 2984 mane
518 2894 578 2984 vel
597 2910 714 3008 magis
737 2909 874 2997 hebes,
897 2925 935 2982 et
953 2913 1171 3010 semisopito
1192 2913 1283 2984 simi-

276 3031 350 3104 lior
364 3033 540 3101 inventus
558 3042 630 3117 est,
647 3026 852 3125 pulsuque,
864 3043 911 3098 -et
933 3027 1077 3100 viribus
1099 3025 1282 3100 infirmio-

275 3146 401 3219 ribus:
424 3163 535 3218 uocte
558 3160 683 3215 autem
712 3147 883 3241 proxima
905 3170 992 3216 cum
1014 3144 1226 3231 coenulam,
1244 3161 1282 3216 ut

277 3263 436 3352 solebat,
447 3262 797 3363 sumpsisset,paulo
805 3256 897 3362 post'
903 3261 979 3333 alto
994 3263 1156 3359 suspirio
1166 3263 1282 3351 edito,

277 3384 458 3453 contiuuo
467 3406 577 3480 agere
585 3385 749 3454 animam
766 3382 899 3478 coepit,
913 3395 1026 3477 atquc
1037 3380 1138 3452 intra
1148 3378 1281 3452 horam

275 3514 449 3571 mortuus
457 3515 522 3571 est.
1279 3512 1283 3519 ’

322 3610 464 3691 Ventre
479 3632 610 3715 aperto
622 3617 746 3711 ,jecur
760 3612 949 3699 albidum,
967 3629 1003 3684 et
1018 3611 1277 3685 duriusculum

272 3734 625 3818 animadvertimus,
641 3733 796 3828 ejusque
808 3731 1012 3802 vesiculam
1025 3729 1101 3802 bile
1116 3731 1273 3802 multum

272 3851 491 3923 distentam:
505 3850 756 3921 ventriculum
772 3863 899 3920 autern
911 3845 1068 3921 inferius
1080 3871 1196 3948 quam
1209 3868 1271 3946 par

273 3969 584 4058 esset,·locatum;
602 3958 734 4040 sanum
752 3983 889 4041 tamen.
1180 4016 1186 4047 ,
1258 3986 1265 4001 ·
