2798 4668
215 454 284 501 nm.
311 453 335 501 1.
363 455 411 501 nr
436 452 573 503 iromus
598 450 758 515 currus,
783 446 896 501 rrrsr.
921 448 973 525 rr.
1026 421 1097 521 569

92 580 247 639 tumore
264 565 366 653 laesa,
381 568 458 636 imo
480 566 592 664 plane
613 588 770 637 exsucca
783 564 824 635 in
843 559 1101 662 superioribus

92 678 317 754 lumborum
342 681 549 761 vertebris:
569 681 675 779 quod
690 681 771 752 vitii
790 705 876 752 cum
897 680 937 750 in
961 678 1100 765 altero,

95 800 190 886 aiat,
211 804 248 870 in
276 801 446 871 omnibus
476 797 685 871 lumborum
705 798 886 871 vertebris
903 794 1098 868 habuisse:

97 918 343 1014 perspicuum
359 931 432 1004 est,
447 942 528 988 non
544 916 749 988 medullam
770 915 906 1003 modo,
923 915 1022 984 intra
1041 937 1102 983 su·
1135 979 1136 983 ,

97 1056 248 1129 premas
273 1057 402 1105 earum
429 1033 688 1122 desinentem,
715 1032 780 1106 sed
805 1046 843 1105 et
873 1031 1038 1130 equinae,
1061 1028 1106 1100 utv

98 1152 287 1239 vocitant,
313 1150 439 1223 caudae
462 1164 605 1248 partem
624 1175 703 1222 non
727 1147 907 1249 parvam(
928 1171 1010 1246 quae
1031 1145 1104 1217 uti·
1168 1142 1171 1147 ’

96 1290 189 1336 nam
207 1265 450 1339 Salzmannus
463 1266 698 1365 diligentius,
712 1282 776 1339 aut
787 1280 886 1339 certe
901 1260 1103 1355 dilucidius

96 1382 382 1481 proposuisset)
401 1382 502 1456 idem
519 1385 653 1457 vitium
672 1407 884 1482 occupasse.
906 1383 1019 1479 Signa
1038 1404 1103 1453 au·

98 1512 179 1569 tem
192 1523 273 1595 quae
282 1498 440 1574 latentes
454 1498 522 1572 has
533 1502 711 1598 paralysis
724 1500 831 1575 sedes
843 1496 1104 1597 quadantenus

98 1613 144 1684 in
158 1614 487 1704 vivisindicarent,
501 1616 560 1689 his
577 1617 753 1716 perlectis
766 1617 964 1712 utriusque
978 1627 1104 1685 aucto·

98 1730 154 1800 ris
171 1728 516 1820 observationibus,
530 1736 672 1829 poteris
686 1735 879 1804 aestimare.

157 1853 213 1935 24.
241 1850 412 1947 Denique
424 1874 473 1920 ne
490 1850 653 1937 mireris,
672 1849 776 1945 quod
795 1846 927 1935 febris,
945 1870 1027 1945 quae
1045 1868 1105 1919 se·

103 1954 276 2037 cundum
305 1962 393 2037 alias
410 1966 706 2063 ,Hippocraticas
734 1965 994 2064 praedictiones
1013 1989 1106 2063 apo·
1172 1960 1176 1967 ⁴

103 2082 265 2181 plexiam
285 2081 474 2178 excipiens
493 2081 619 2172 solvit,
639 2080 815 2157 feminam
832 2106 947 2180 quam
963 2105 1107 2181 propo·

106 2199 181 2286 sui,
192 2196 414 2296 perdiderit3
426 2200 649 2301 Martianum
662 2199 718 2296 (ι)
730 2200 827 2290 vide,
839 2197 1000 2273 febrium
1014 2223 1108 2275 con·

106 2314 271 2386 ditiones
293 2311 603 2411 distinguentem,
631 2315 779 2415 illisque
802 2314 1108 2414 pradictionibus
1169 2328 1171 2333 ⁴

106 2430 208 2503 hanc
233 2455 279 2502 ex
302 2431 433 2504 Coacis
458 2448 716 2531 opponentem
741 2459 750 2502 z
773 2431 1030 2530 Apoplectt’cae
1049 2433 1107 2525 as·

93 2551 296 2643 sectiones,
306 2544 354 2619 de
370 2564 520 2646 repente
531 2547 745 2620 exolutorio
761 2547 874 2643 modo
882 2550 1036 2646 fientes,
1044 2553 1106 2642 je·

111 2669 177 2738 bre
204 2671 378 2764 temporis
397 2689 602 2763 progressu
630 2664 851 2754 accedente,
871 2670 1106 2764 perniciose.

110 2788 197 2855 Haec
217 2808 308 2856 vero
326 2780 459 2871 febris,
478 2796 521 2856 ut
541 2784 613 2855 alia
630 2784 795 2870 mittam,
823 2806 911 2856 sane
929 2807 1026 2871 uno,
1044 2796 1109 2855 aut

110 2901 232 2973 altero
240 2914 326 3001 post
335 2924 477 2989 mense,
488 2902 651 2975 accessit.
667 2902 761 2975 Satis
770 2900 817 2973 de
825 2900 995 2999 Paralysi.
1005 2898 1107 2973 Vale.

155 3218 200 3297 (ι)
216 3222 327 3278 Anum.
344 3217 376 3275 in
387 3219 531 3296 Hippocr.
548 3220 568 3276 1.
583 3218 651 3277 ade
663 3218 777 3291 Morb.,
790 3238 814 3276 s.
826 3236 860 3287 a,
875 3238 905 3275 v.
919 3217 967 3290 67.
