2780 4666
318 413 389 487 336
482 439 529 486 nr
555 439 701 487 surinus
726 441 770 487 ur
796 440 919 490 causis
945 443 1156 520 moruorum

318 565 383 621 trae
413 549 491 620 aliae
516 550 795 623 observationes
820 552 875 650 (ι)
904 552 1155 654 confirmant)
1175 559 1220 631 de
1238 560 1304 650 ilia,
1373 540 1375 629 ss

229 767 233 773 μ
266 695 267 698 “
317 670 493 765 inquam,
510 666 651 762 aliquid
672 667 859 754 dicamus,
879 673 1085 766 praesertim
1094 677 1302 747 cuminviro

318 786 366 857 de
394 810 472 883 quo
503 785 716 881 loquimur,
743 810 824 857 non
856 784 1026 858 defuerit.
1056 792 1152 867 Huic
1176 808 1303 888 quanto

317 903 403 1000 plus
423 902 612 999 sanguinis
628 903 768 990 inerat,
796 918 833 973 et
858 918 1002 1001 quanto
1031 908 1158 978 minus
1179 910 1303 1005 perin-
1374 942 1375 979 a

314 1021 522 1097 flammatos
546 1021 747 1119 pulmones
769 1023 889 1117 trajici
910 1038 1077 1122 poterat,
1101 1039 1208 1096 tanto
1231 1025 1302 1122 pius
1374 1068 1375 1071 =

317 1139 541 1212 crediderim
553 1141 592 1209 in
606 1141 711 1213 venis
729 1165 811 1236 qnae
828 1141 926 1211 intra
939 1143 1111 1211 cranium
1123 1155 1231 1227 sunt,
1246 1165 1302 1213 res·

316 1256 452 1337 titasse.
473 1260 534 1325 Hae
547 1257 647 1325 euim
661 1280 764 1325 venae
778 1280 864 1326 cnm
875 1258 1207 1352 circumjectorum
1219 1278 1302 1324 mus·
1374 1346 1375 1357 ἵ

317 1373 490 1446 culorum
514 1387 642 1443 carent
661 1371 902 1467 adjumento,
920 1387 1007 1447 ¹tum
1033 1374 1251 1470 sanguinem
1266 1369 1301 1442 ab

317 1492 362 1562 iis
376 1490 520 1563 arteriis
535 1491 746 1587 accipiunt,
763 1514 845 1587 qua
867 1505 908 1562 nt
928 1490 1166 1562 tenuioribus
1181 1489 1303 1560 ‚tunicis

317 1623 424 1699 sunt,
441 1608 492 1679 ita
505 1632 584 1678 non
605 1630 833 1703 magnopere
848 1607 953 1677 illum
974 1608 1222 1705 compedem,
1246 1629 1301 1676 nec
1374 1636 1375 1649 ¹

318 1749 339 1796 a
352 1739 458 1822 tergo
474 1722 582 1794 valde
601 1746 737 1821 urgere
753 1739 923 1820 possunt.
937 1726 1088 1813 Quanto
1103 1739 1228 1795 autem
1244 1746 1301 1792 ma·

317 1843 372 1939 gis
381 1841 524 1913 restitat
536 1840 707 1937 sanguis,
723 1855 829 1910 tanto
839 1841 923 1939 plus
934 1842 1026 1926 seri,
1045 1844 1075 1913 si
1086 1840 1181 1912 nihil
1190 1840 1301 1939 prohi-
1374 1830 1375 1879 ³

315 1959 422 2055 beat,
448 1957 496 2028 ab
514 1981 559 2028 eo
579 1957 735 2056 secedit,
754 1972 935 2054 tantoque
952 1961 1070 2055 magis
1087 1958 1135 2029 ab
1156 1974 1301 2054 utroque

193 2084 205 2101 ‘
316 2077 501 2174 premitur
530 2075 729 2159 cerebrum
749 2103 757 2144 :
777 2100 893 2173 porro
917 2093 1064 2173 quanto
1090 2077 1213 2173 major
1239 2075 1302 2144 haec

316 2192 460 2289 pressio
480 2206 555 2280 est,
581 2206 684 2262 tanto
702 2194 851 2288 gravior
868 2207 923 2263 est
943 2214 1080 2290 sopor3
1110 2197 1152 2263 ut
1182 2192 1242 2262 illa
1255 2188 1302 2258 vel

316 2310 434 2405 magis
458 2323 585 2397 aucta,
612 2311 652 2379 in
678 2310 912 2407 apoplexiam
934 2308 996 2381 hic
1016 2310 1228 2407 degeneret.
1245 2311 1301 2377 lta·
1372 2320 1374 2405 j

317 2455 392 2527 que
416 2433 622 2503 Sennertus
637 2430 691 2527 (a)
711 2431 741 2501 si
758 2429 852 2500 adeo
878 2454 987 2502 carus
1011 2432 1257 2528 ingravescat,
1271 2441 1303 2496 ut
1373 2440 1374 2475 ἒ

314 2548 511 2645 respiratio
533 2572 686 2645 quoqne
708 2546 882 2632 laedatur,
907 2563 984 2618 tam
1009 2547 1252 2646 apoplexiam
1272 2551 1301 2614 in
1373 2552 1374 2563 ’

308 2672 528 2766 propinquo
543 2690 634 2751 ecre,
654 2679 793 2737 monet.
812 2666 914 2753 Quin
929 2663 1182 2736 Boerhaavius
1192 2665 1242 2760 (3)
1256 2662 1301 2732 di·

317 2799 435 2871 serte,
461 2807 589 2853 earam
614 2807 689 2852 esse
719 2781 965 2879 apoplexiam
998 2780 1133 2868 levem,
1169 2780 1299 2864 scribit,

317 2900 523 2995 lethargum
549 2913 674 2969 autem
700 2897 871 2971 leviorem
886 2952 892 2965 Ι
905 2897 1125 2995 apoplexiae
1149 2903 1299 2995 speeiem.

301 3017 404 3108 Quae
422 3040 700 3105 commemora,
719 3041 768 3103 ne
782 3017 946 3104 mireris,
966 3018 996 3088 si
1013 3040 1106 3114 quas
1115 3018 1213 3086 inter
1226 3036 1300 3111 apo·

314 3136 443 3233 plexiae
458 3158 587 3205 causas
598 3133 727 3230 posui,
745 3120 1000 3207 easdemnunc
1020 3157 1099 3204 esse
1112 3112 1298 3230 agnoscam

315 3262 585 3348 soporosorum
597 3247 801 3320 affectuum
810 3275 950 3322 causas.
960 3254 1036 3320 Cur
1045 3263 1169 3320 atatem
1179 3245 1300 3317 eaedem
1372 3252 1373 3341 g

315 3369 355 3437 in
380 3367 632 3465 quorumdam
656 3367 859 3464 capitibus,
881 3370 948 3464 qui
971 3392 1016 3438 ex
1040 3365 1099 3436 his
1122 3362 1301 3437 affectibus

314 3487 480 3584 periere,
498 3483 659 3578 majores
668 3482 859 3554 interdum
875 3507 953 3554 esse
965 3482 1180 3569 videantur,
1197 3501 1298 3576 quam

351 3801 396 3879 (1)
417 3800 512 3876 Epist.
533 3819 583 3871 10,
597 3819 628 3854 n.
647 3819 692 3870 17.

351 3901 395 3980 (α)
416 3900 525 3957 Medic.
537 3902 633 3955 Pract.
647 3901 668 3953 l.
688 3918 720 3970 1,
732 3918 763 3974 p.
777 3916 793 3953 a
802 3939 811 3968 ,
825 3919 850 3954 c.
867 3899 915 3956 32.

352 4000 395 4077 (3)
415 3997 530 4075 Aphor.
545 3999 582 4057 de
593 4016 729 4077 cognose.
746 3998 859 4056 morbis
877 4003 903 4071 §-
922 3995 1141 4073 1045a1049.
