2774 4666
189 437 256 483 nm.
286 436 311 481 1.
339 435 386 481 mr
411 432 548 480 uoams
573 431 725 495 cirrrrs,
751 432 865 479 arrsr.
893 435 948 480 111.
1007 415 1074 510 173

63 576 66 589 ·
81 554 221 639 striato,
240 563 304 620 aut
320 548 360 617 in
378 545 545 619 thalamo
562 546 669 614 nervi
688 545 825 642 optici,
843 560 906 615 aut
917 549 957 615 in
975 563 1076 619 utro-

83 694 169 765 que,
185 682 246 737 aut
262 669 369 762 juxta
381 660 623 750 alterutrum,
641 677 706 732 aut
723 662 834 732 etiam
847 677 1073 761 utrumque,

82 800 112 856 et
126 800 212 855 tunc
227 806 383 881 quoquc
401 806 480 852 non
499 804 587 851 raro
605 803 691 850 curn
708 780 930 876 utriusque,
947 797 1009 852 aut
1029 785 1074 855 al·

80 901 242 972 terutrius
261 898 516 998 perforatione
534 912 571 968 et
588 895 855 967 dilaceratione
880 915 1074 997 comperta

81 1014 239 1087 luerint:
272 1015 409 1088 deinde
448 1039 517 1086 cur
544 1012 660 1085 semel
691 1013 863 1110 quidem,
895 1029 938 1085 ut
971 1018 1074 1112 apud

81 1131 285 1230 Wepferum
298 1132 373 1229 (1),
393 1156 461 1229 per
474 1130 608 1202 lobum
621 1131 849 1202 anteriorem
867 1130 1013 1202 cerebri
1025 1109 1088 1205 ad=

80 1248 229 1325 frontem
248 1275 370 1348 usque
397 1248 603 1348 producta,
627 1270 825 1345 nunquam
852 1274 921 1346 per
945 1266 1071 1347 poste-

82 1369 204 1438 riorem
228 1368 277 1439 ad
303 1368 428 1465 ipsum
458 1366 631 1464 occiput:
651 1381 688 1437 et
707 1365 872 1462 denique
901 1391 987 1436 cum
1011 1368 1073 1438 illa

84 1486 235 1583 exempla
267 1485 343 1555 sint
367 1483 414 1557 ad
433 1481 676 1579 quindecim,
706 1483 832 1553 curin
852 1482 982 1554 decem
1009 1484 1072 1556 illa

84 1625 157 1672 cava
174 1600 315 1674 fuerint
334 1626 355 1672 a
374 1600 537 1689 dextris3
557 1601 597 1677 in
614 1598 764 1670 duobus
780 1625 801 1670 a
820 1599 977 1689 dextris,
997 1618 1034 1673 et
1050 1628 1072 1674 a

84 1719 242 1810 sinistris3
261 1721 303 1789 in
322 1717 444 1789 tribus
461 1717 662 1804 duntaxat,
682 1717 884 1789 asinistris.
899 1716 1069 1792 Profecto
1096 1794 1099 1797 ,

83 1851 136 1906 aut
151 1835 206 1907 his
236 1837 276 1906 in
304 1835 437 1923 rebuS,
463 1835 532 1905 etsi
555 1858 576 1904 a
603 1835 725 1931 primo
752 1858 858 1905 secus
876 1835 1072 1926 videatur,

84 1976 239 2051 magnam
257 1951 331 2024 sibi
344 1968 489 2050 partem
503 1975 609 2023 casus
618 1950 800 2039 vindicat,
811 1967 893 2040 aut,
911 1953 942 2023 si
951 1955 1070 2024 multo

85 2067 215 2169 longior
253 2085 427 2142 accurate
459 2068 732 2166 descriptarum
765 2068 1072 2143 observationum

86 2190 182 2260 series
194 2190 272 2260 haec
289 2191 341 2260 ita
351 2204 392 2259 ut
404 2187 611 2286 plurimum
625 2185 830 2276 sehahere,
846 2189 1070 2279 ostenderit,

87 2327 185 2378 causae
202 2309 242 2377 in
262 2305 411 2379 cerebri
435 2319 644 2392 structura,
668 2307 791 2375 autin
812 2306 893 2405 ejus
918 2307 1071 2378 intimo·
1147 2388 1149 2397 Ι

85 2444 156 2491 rum
175 2447 350 2495 vasorum
371 2420 637 2492 distributione
656 2436 768 2492 erunt
784 2424 1071 2520 perquirendae,

86 2553 214 2638 utputa
232 2543 262 2613 si
283 2542 382 2610 circa
406 2563 467 2610 eas
494 2563 575 2634 quae
599 2537 707 2621 dictae
733 2553 838 2625 sunt,
873 2540 980 2612 sedes
1007 2556 1072 2612 aut

86 2653 198 2749 plura,
216 2672 283 2728 aut
301 2653 494 2753 amplioris
512 2653 683 2724 diametri
704 2655 851 2724 vascula
871 2653 1069 2728 ferrentur.

87 2772 132 2841 Sic
146 2773 345 2872 aliquando
363 2797 448 2843 cum
471 2772 598 2842 striata
617 2793 778 2866 corpora
798 2770 987 2841 assulatim
1014 2798 1072 2844 se-

88 2891 232 2962 cundum
241 2892 480 2963 horizontem
489 2910 747 2985 persecarem,
767 2886 1071 2962 animadvertisse

87 3008 222 3079 memini
237 3010 278 3079 in
302 3005 541 3103 singulorum
561 3016 715 3074 externo
743 3004 929 3074 anteriore
955 3005 1070 3079 latere

88 3124 267 3216 quamdam
297 3124 404 3222 quasi
428 3119 634 3209 loreolam,
661 3145 862 3218 perquam
887 3122 1071 3222 sanguise-

88 3261 159 3309 rum
176 3268 237 3314 vas
261 3240 409 3313 meabat
428 3237 792 3311 manifestissimum:
820 3239 908 3312 alias
927 3258 1072 3333 autem,

89 3353 222 3455 oblique
241 3376 278 3432 et
301 3340 402 3431 lente
431 3357 617 3446 secando,
649 3356 855 3429 ostendisse
877 3359 917 3427 in
936 3360 1070 3433 eodem

89 3468 185 3546 latere
197 3476 304 3574 plura
321 3474 615 3573 parallelajnter
635 3498 697 3562 se,
714 3488 750 3543 et
768 3474 947 3546 crassiora
956 3502 1070 3575 quam

91 3586 184 3680 alibi,
200 3591 261 3664 fila
277 3590 512 3679 rubicunda,
530 3591 570 3661 id
591 3605 647 3661 est
665 3614 751 3661 vasa
765 3589 984 3689 sanguifera.
1004 3605 1072 3667 Ac-

93 3704 206 3780 cedere
231 3694 309 3781 huc
334 3709 482 3779 videtur
508 3709 633 3777 minor
652 3706 702 3778 ob
721 3700 843 3805 ipsam
859 3712 1069 3809 proximam

127 3978 164 4056 (1)
182 3987 362 4061 Sepulchrct.
377 3987 457 4046 Sect.
471 3983 536 4044 hac.
553 4002 587 4054 a,
605 3984 669 4041 obs,
689 3940 766 4040 ru*
