2782 4668
206 437 279 483 rm.
307 437 331 486 1.
358 437 408 485 m:
432 436 883 504 nonmscsmrts‚nr1sr.
910 442 989 489 vm.
1042 417 1112 516 375

104 550 267 638 tituisse‚
287 548 425 646 quihus
444 575 514 623 nee
533 552 727 649 papaveris
745 554 887 626 semina
900 554 1113 646 addiderat,

103 692 176 741 uec
194 692 315 764 quem
329 667 509 743 adversus
524 670 667 765 vigilias
680 670 752 741 illis
767 666 1016 769 efficaciorem
1035 673 1115 769 ipse

104 809 266 881 quoque
295 800 469 881 expertus
494 800 590 872 erat,
626 810 807 882 syrupum
839 787 885 857 de
915 812 1113 884 papavere:

104 900 202 973 adeo
212 895 408 973 interdum
423 894 462 973 id
472 901 567 977 levia
577 919 754 1000 praestant
763 896 868 999 quod
879 898 1116 977 vehementia

103 1042 185 1089 non
205 1015 384 1114 possunt!
413 1016 591 1116 Spectata*
617 1018 706 1093 fidei
732 1019 900 1093 medicus
923 1019 1017 1091 mihi
1034 1020 1135 1095 non'
1202 1023 1204 1026 ’

106 1133 223 1207 semel
239 1131 459 1237 affirmarit,
474 1160 560 1209 cum
577 1133 672 1209 forte
689 1135 729 1207 in
744 1131 956 1232 phrenitide
969 1139 1117 1235 insupe-

105 1250 217 1325 rabili
238 1251 431 1348 quinquo,
443 1267 510 1327 aut
526 1278 591 1339 sex
606 1251 691 1349 opii
701 1276 814 1348 grana
830 1251 982 1325 dissolvi
997 1255 1116 1351 impe-

106 1383 225 1443 rasset
256 1370 298 1443 in
323 1370 495 1464 iianuis
525 1393 628 1465 quae,
653 1369 770 1445 linteo
799 1385 978 1468 exceptae,
1002 1368 1117 1465 fronti

108 1482 860 1591 erantadhibeudae',haeautemaquaeper
874 1487 1117 1561 assidentium
1165 1474 1168 1478 ’

107 1623 280 1679 errorem
299 1625 398 1698 aegro
418 1616 541 1674 essent
560 1603 666 1707 potui
682 1602 793 1691 datae3
824 1602 919 1675 nihii
948 1602 1035 1677 inde
1064 1599 1117 1673 ef-

108 1712 252 1791 fectum
272 1716 416 1791 vidisse.
438 1720 560 1807 Quam
580 1721 619 1795 iu
635 1744 715 1795 rem
730 1720 929 1817 singularis
947 1736 1025 1795 erat
1041 1722 1119 1818 opi-

108 1831 171 1905 nio
186 1839 215 1907 F
218 1816 380 1907 rancisci
396 1836 557 1932 Spoleti,
572 1836 740 1933 primarii
753 1837 845 1907 olim
864 1838 904 1914 in
923 1836 997 1908 hoc
1010 1842 1120 1935 Gym-

109 1956 216 2029 nasio
246 1957 301 2029 rei
318 1952 471 2029 medicae
491 1953 716 2052 professoris
733 1983 741 2035 t
775 1956 840 2053 qui
860 1957 1036 2053 Byzantio
1058 1982 1119 2033 ee·

111 2071 204 2160 du‘x,
224 2072 294 2149 ubi
318 2069 475 2149 feliciter
503 2073 563 2145 vel
579 2074 618 2147 iu
635 2075 738 2172 regio
758 2073 824 2147 illo
839 2077 1021 2170 Gyuaeceo
1040 2099 1120 2149 me-

111 2188 276 2267 dicinam
293 2188 499 2286 aliquando
514 2186 672 2283 fecerat,
691 2172 778 2265 cum
793 2214 836 2266 ea
856 2189 967 2267 uobis
984 2189 1120 2279 confir-

112 2323 231 2383 maret
241 2332 323 2404 quse
333 2306 379 2379 de
390 2307 479 2403 opio
492 2306 651 2403 legimus
666 2306 788 2381 multo
802 2306 878 2383 iilic
890 2331 1002 2404 quarn
1018 2307 1119 2403 apud
1145 2320 1146 2323 ’
1234 2298 1236 2310 ’

111 2447 198 2513 nos,
215 2424 371 2528 puriore
387 2438 499 2523 atque
517 2421 747 2505 efficaciore,
767 2424 909 2520 quippe
929 2422 1056 2495 colore
1071 2423 1118 2495 ad
1153 2437 1158 2454 '

113 2541 342 2621 cinnamomi
353 2540 520 2611 colorem
530 2554 707 2636 vergente
720 2594 729 2628 ‚
742 2539 860 2608 odore
873 2555 995 2613 antem
1009 2541 1121 2613 maxi·

113 2679 192 2747 me,
210 2673 255 2735 ut
273 2658 395 2729 nostri
417 2657 649 2755 loquuntur,
675 2656 887 2743 narcotico,
914 2655 1043 2751 ibique
1071 2671 1122 2725 ta-

110 2738 198 2849 iuen
215 2803 236 2851 a
255 2776 450 2874 pluribus,
464 2776 500 2847 ei
510 2776 565 2847 rei
582 2775 756 2863 assueti-s,
770 2799 849 2847 non
860 2788 902 2844 ut
915 2772 1119 2871 dormiant,

116 2892 177 2967 sed
191 2908 234 2969 ut
243 2893 317 2969 laeti
330 2892 505 2991 vigilent,
519 2906 689 2988 sumpto,
706 2878 829 2987 eoque
845 2889 890 2963 ad
901 2888 1119 2969 drachmam

116 3031 249 3097 unam,
265 3023 331 3087 aut
355 3007 508 3089 saltem,
531 3006 635 3103 quod
662 3006 940 3103 chymicusqui
962 3031 1047 3079 oum
1075 3032 1121 3083 eo

117 3119 254 3214 fuerat,
290 3125 433 3199 amicus
463 3139 592 3197 noster
622 3124 784 3208 viderat,
817 3125 864 3194 ad
900 3126 1120 3222 scrupulum

118 3266 255 3333 unum;
275 3243 458 3340 subjecit,
475 3243 588 3339 huJus
602 3245 807 3321 tentiinter
820 3258 1023 3339 noratque
1038 3244 1123 3321 illos

120 3355 342 3435 discriminis
361 3384 510 3443 causam
537 3384 575 3433 se
603 3362 642 3437 iu
671 3386 716 3433 eo
741 3363 901 3459 positam
914 3362 1120 3459 «suspicari,

120 3477 219 3570 quod
229 3478 590 3555 medicamentorum
602 3479 855 3576 quorumdam
865 3478 1017 3577 pondus
1024 3479 1122 3553 mul·

121 3604 158 3666 to
171 3597 292 3692 majus
306 3597 516 3671 contrarios
532 3592 688 3687 effeetus
708 3611 881 3694 praestare
899 3596 1053 3684 dehent,
1079 3621 1122 3667 ae

122 3711 338 3803 minimum,
357 3739 436 3787 nou
454 3738 560 3786 secus
574 3730 709 3812 atque,
725 3714 868 3802 aiebat,
893 3716 923 3787 si
937 3712 1040 3785 iibrae
1053 3716 1122 3787 cir·

124 3827 347 3925 cumjectum
364 3826 471 3909 filum
487 3830 634 3915 modice
648 3831 879 3928 adstringas3
895 3828 1028 3903 fibram
1041 3854 1124 3926 pre·

125 3962 198 4017 mes
215 3972 223 4014 :
243 3961 280 4019 at
297 3947 327 4019 si
344 3947 382 4017 vi
399 3947 518 4023 multo
545 3949 709 4042 majore,
731 3946 864 4023 fibram
891 3946 1122 4043 disrumpes,
