2774 4666
229 441 298 489 am.
326 444 351 488 1.
379 443 426 488 nr
451 440 906 506 uomiscir1r1s‚rr1sr.
934 442 983 489 ιν.
1044 419 1113 492 213

81 553 234 643 cluso,
255 558 421 654 primum
447 558 563 627 animi
588 553 797 628 defectione
824 558 865 627 in
891 580 957 628 sua
981 556 1114 653 cymba

98 688 304 771 correptus
319 688 390 761 est3
405 688 487 744 erat
501 675 601 746 enim
612 674 797 761 Venetiis,
814 672 943 769 ibique
958 672 1114 744 datama

100 789 287 864 Pontifice
298 793 460 862 Maximo
470 791 695 888 legationem
707 789 853 879 obibat3
866 790 969 861 domi
978 790 1115 864 deinde

98 907 140 977 in
159 931 236 978 suo
250 907 427 980 cubiculo
437 908 571 981 cecidit
583 910 662 980 sine
673 931 804 995 causa3
822 908 1022 979 novissime
1032 932 1116 1004 pre·

98 1022 249 1096 hensus
266 1039 322 1097 est
333 1026 528 1124 apoplexia
542 1026 592 1119 ita
606 1041 649 1096 ut
661 1024 797 1096 medici
810 1026 886 1120 jam
903 1025 1113 1123 proximam

99 1156 269 1213 mortem
286 1145 536 1240 praesagirent.
556 1141 627 1214 Sed
643 1166 730 1212 cum
749 1140 972 1217 haecomnia
993 1145 1113 1213 conti-

100 1259 247 1355 gissent
264 1261 361 1330 circa
378 1258 546 1330 medium
564 1258 805 1356 quinctilem
820 1283 899 1329 non
926 1273 1013 1329 ante
1035 1283 1112 1330 me·

99 1375 211 1446 dium
233 1376 400 1447 sextilem
422 1372 566 1447 defecit.
591 1375 650 1445 llli
674 1376 816 1447 interea
840 1373 1112 1446 medicamenta
1199 1419 1202 1423 .

99 1518 186 1589 quee
205 1508 402 1564 moverent
414 1493 561 1582 alvum,
578 1494 837 1590 ingesserunt;
856 1494 1111 1588 sanguineme

98 1609 196 1697 talo,
213 1635 232 1681 e
251 1609 400 1698 cubito,
424 1636 444 1683 e
462 1635 598 1698 manu,
619 1636 640 1682 e
657 1606 781 1682 fronte
808 1610 1010 1697 miserunt;
1035 1610 1112 1680 euti
1142 1588 1148 1605 l

100 1751 187 1822 quae
215 1726 455 1799 exulcerandi
479 1729 555 1799 vim
580 1726 741 1814 habent,
763 1729 1046 1823 imposuerunt:
1071 1727 1111 1796 in

97 1843 241 1916 vertice
253 1843 527 1915 cucurbitulam
539 1842 932 1941 defixeruntzspiritus
944 1867 1041 1940 quos
1051 1867 1112 1913 vo·

98 1976 209 2051 cant,
225 1960 372 2058 aliaque
383 1960 421 2031 id
438 1985 557 2058 genus
569 1959 824 2058 praebuerunt.
836 1962 1040 2056 Nunquam
1055 1976 1110 2032 ta·

98 2101 191 2148 men
208 2076 477 2165 obtinuerunt,
495 2093 537 2148 ut
545 2102 643 2175 aeger
657 2076 856 2175 loquendi,
869 2091 907 2148 et
919 2077 1109 2167 dexteras,

99 2220 185 2293 quae
203 2194 374 2266 resolutae
389 2210 514 2282 erant,
531 2196 700 2292 corporis
721 2209 846 2292 partes
860 2194 1040 2267 movendi
1057 2193 1108 2264 fa-

97 2313 278 2384 cultatem
295 2327 545 2410 recuperaret.
558 2317 662 2384 Inter
677 2311 757 2383 haec
774 2310 887 2384 febris
904 2312 1039 2384 oborta
1053 2328 1108 2385 est
1156 2369 1159 2376 .

97 2428 298 2527 degenere
312 2428 568 2526 putridarum:
583 2428 760 2501 adversus
772 2455 886 2527 quam
898 2433 1106 2527 peruviano

97 2548 239 2618 cortice
254 2547 312 2618 usi
326 2562 423 2619 sunt.
437 2544 607 2645 Suspicio
620 2571 773 2645 quoque
789 2544 883 2618 iacta
895 2563 950 2618 est
962 2546 1106 2618 inflam-

98 2663 456 2737 mationisthoracis.
466 2669 660 2735 Postremo
670 2662 740 2734 sub
751 2663 865 2735 altera
872 2678 977 2760 parte
988 2666 1107 2736 menti

31 2762 35 2769 ’
96 2779 243 2878 aliquid
257 2779 451 2853 abscessit:
466 2804 580 2878 quam
598 2795 743 2877 partem
756 2779 933 2877 scalpello
949 2804 1105 2877 aperue-

96 2913 191 2969 runt
206 2899 345 2995 paucis.
363 2913 449 2969 ante
476 2913 638 2969 mortem
666 2896 815 2984 diebus,
847 2921 916 2968 nec
942 2897 1105 2969 multum

98 3012 169 3087 fuit
180 3014 285 3112 quod
296 3016 594 3088 exivit.·Stertore
611 3014 783 3102 demum,
794 3015 860 3111 qui
873 3015 983 3086 etiam
996 3030 1106 3086 antea

96 3130 352 3231 saepefuerat,
374 3132 517 3204 ultimis
537 3133 610 3204 illis
631 3132 765 3204 diebus
787 3132 1036 3219 increscente,
1051 3134 1105 3202 vi-

96 3275 189 3325 vere
197 3249 315 3323 desiit.
326 3254 410 3321 Haec
424 3249 472 3320 ab
487 3251 568 3346 ejus
577 3251 718 3321 intimis
728 3251 854 3321 omnia
864 3251 1007 3347 accepi,
1019 3274 1106 3321 cum

98 3392 119 3438 a
135 3392 198 3438 me
215 3382 407 3464 peterent,
423 3381 466 3438 ut
482 3367 700 3439 interessem
715 3366 946 3457 dissectioni‚
964 3392 1046 3466 quae
1058 3368 1106 3439 ab

44 3516 52 3528 J
96 3482 279 3556 Riualdiis
293 3500 399 3583 patre
415 3499 452 3555 et
464 3483 542 3555 filio
558 3508 685 3557 coram
699 3485 778 3557 aliis
792 3484 947 3558 medicis
957 3501 1107 3583 peracta

99 3619 163 3677 est.

146 3719 361 3791 Abdomine
375 3721 493 3791 inciso
506 3774 515 3807 ‚
530 3736 567 3792 et
574 3719 729 3792 diducto
740 3719 878 3818 ,hepar
886 3722 926 3790 in
940 3743 1106 3791 convexa
1183 3750 1185 3753 ’

98 3835 189 3913 faeie
205 3838 381 3936 apparuit
398 3836 573 3934 oblongis
592 3838 699 3935 quasi
716 3838 813 3910 striis
830 3837 1046 3909 distinctum
1062 3860 1114 3907 ex,

95 3956 215 4029 rubro
233 3953 440 4046 subfusus,
457 3980 477 4026 a
492 3956 751 4056 superioribus
765 3955 812 4027 ad
827 3938 1002 4029 inferiora
1020 3953 1107 4053 per-
