2774 4670
192 431 261 481 nra.
289 431 314 477 ι.
342 425 871 490 nnuonnrscer1r1s,rr1sr.
898 431 932 474 x.
995 402 1064 477 525

63 543 157 614 nihil
176 544 380 629 resisteret,
405 538 774 637 quaedamvidelicet
797 543 905 636 quasi
923 566 1065 614 carneae

62 660 206 732 fibrillae
219 682 340 756 quas
350 657 438 729 ahas
459 681 613 754 quoque
631 655 767 727 vidisse
785 659 960 745 memini,
972 659 1063 730 hinc

63 793 98 848 et
115 776 205 848 hinc
225 775 271 846 ab
290 773 470 846 lateribus
481 773 668 845 seminalis
683 775 895 845 carunculae
904 775 1063 873 obliquo

63 893 247 979 decursu,
265 907 302 962 et
319 893 417 962 inter
436 914 475 961 se
493 889 672 987 parallelo
686 868 974 980 descendentes,
992 892 1063 964 ibi·

63 1035 134 1108 que
148 1034 217 1107 per
224 1011 411 1080 internam
421 1006 582 1078 urethrae
595 1004 725 1077 faciem
739 1022 913 1080 extantes.
926 1012 1063 1097 Testes,

62 1128 181 1224 iisque
200 1126 447 1222 circumjectae
464 1126 620 1211 tunicae,
638 1126 837 1221 ipsumque
852 1125 947 1197 adeo
960 1151 1063 1198 scro-

50 1260 140 1315 ‘tum
154 1244 203 1315 ab
219 1242 513 1313 inflammatione
532 1243 571 1311 in
591 1266 825 1339 gangrenam
846 1242 1061 1340 vergebant.

62 1362 224 1433 Pectoris
240 1377 365 1431 tumor
381 1358 601 1457 priusquam
617 1356 794 1455 scalpello
806 1344 1063 1456 attingeretur,

64 1503 83 1548 a
98 1503 157 1550 me
172 1476 371 1575 diligenter
389 1491 587 1564 tractatus,
606 1476 765 1547 omnino
781 1478 881 1548 visus
900 1493 956 1549 est
981 1476 1064 1553 fieri

64 1593 107 1665 ab
126 1597 204 1665 imo
233 1595 349 1666 sterni
372 1618 475 1682 osse,
501 1609 538 1664 et
563 1592 610 1665 ab
639 1596 794 1665 annexis
824 1595 1062 1667 dexterarum

65 1728 249 1784 costarum
261 1711 554 1809 cartilaginibus,
570 1726 780 1783 extrorsum
789 1738 1062 1811 ,quaecumque

64 1832 270 1929 impulisset
290 1854 399 1902 causa
431 1830 657 1928 plusquam
688 1829 858 1918 deceret,
887 1834 1059 1904 curvatis

63 1951 136 2021 Nec
164 1974 226 2019 me
246 1945 379 2020 falsum
407 1947 581 2019 dissectio
605 1947 789 2032 ostendit,
808 1973 890 2046 quae
915 1964 952 2021 et
981 1912 1062 2046 ejus

65 2066 264 2139 curvaturae
283 2090 447 2139 causam
444 2066 580 2137 docuit
592 2090 670 2136 non
691 2066 744 2136 illi
762 2063 875 2138 fuisse
890 2069 984 2157 ossi,
993 2069 1062 2139 iis-

65 2208 134 2280 que
153 2184 436 2282 cartilaginibus
448 2185 635 2255 continuo
653 2183 880 2278 subjectam,
898 2184 963 2257 sed
980 2210 1065 2283 prm

63 2303 122 2373 cul
144 2305 252 2375 sitam
276 2304 316 2373 in
342 2304 421 2400 ipsa
440 2302 606 2374 thoracis
634 2303 759 2400 spina,
793 2304 933 2400 quippe
957 2305 1064 2399 cujus

65 2442 139 2490 non
158 2404 238 2493 esse
262 2420 471 2492 naturalem
489 2418 671 2517 figuram,
697 2420 971 2516 conspeximus
991 2421 1063 2529 Sed
1163 2463 1167 2471 ·

65 2539 165 2634 prius
181 2542 222 2609 in
242 2538 396 2610 thorace
410 2538 489 2610 haec
499 2538 681 2608 duntaxat
694 2535 937 2607 adnotatione
950 2536 1064 2634 digna

65 2651 401 2751 deprehendimUS,
421 2656 461 2731 in
481 2652 692 2750 pericardio
713 2651 902 2723 turbidam
927 2677 1064 2750 aquarn
1112 2696 1117 2735 ι

65 2795 138 2841 non
158 2797 339 2870 paucam;
364 2771 411 2842 ad
432 2770 578 2868 singula
601 2768 725 2843 cordis
742 2770 837 2840 ostia
861 2769 1065 2866 polyposas

67 2891 349 2975 concretiones,
380 2887 503 2975 albas,
522 2887 771 2982 ,majoresque
794 2887 834 2955 in
865 2888 1062 2979 auriculis,

67 3007 173 3079 exiles
202 3007 240 3076 in
270 3005 439 3076 arteriis:
461 3027 530 3101 per
554 3018 666 3074 aortae
689 3004 908 3073 interiorem
932 3001 1063 3076 faciem

68 3121 216 3218 disjecta
229 3122 377 3193 hicillic
394 3145 526 3219 parva,
545 3119 687 3206 albida,
700 3118 956 3221 subrotunda,
970 3147 1064 3193 non-

67 3237 154 3309 dum
181 3256 307 3311 tamen
327 3239 444 3327 dura,
473 3238 566 3310 ossis
591 3236 881 3323 inchoamenta,
908 3263 954 3309 eo
983 3263 1064 3311 cre-

67 3354 213 3446 briora,
246 3378 324 3454 quo
354 3354 459 3439 cordi
487 3355 645 3453 propior
672 3368 752 3424 erat
779 3356 941 3424 arteria:
969 3359 1065 3454 septi

69 3476 264 3547 transversi
288 3499 374 3546 vasa
391 3473 452 3544 vel
475 3472 631 3543 minima
657 3496 736 3541 non
756 3494 863 3542 secus
888 3486 998 3568 atque
1018 3473 1065 3544 ab

69 3590 273 3667 anatomica
281 3592 503 3687 injectione,
521 3588 733 3686 asanguine
749 3588 790 3661 in
800 3589 843 3660 iis
852 3606 1066 3663 remorante

69 3712 279 3808 conspicua.
298 3710 423 3781 Cranii
441 3705 584 3781 fornice
599 3761 609 3788 ,
624 3721 661 3779 et
679 3704 847 3801 subjecta
860 3731 980 3778 crassa
995 3733 1069 3778 me-

70 3825 177 3924 ninge
191 3827 392 3926 ademptis,
409 3850 536 3925 paucae
555 3823 663 3897 effusi
681 3824 872 3920 sanguinis
887 3839 996 3920 guttae
1009 3834 1070 3896 su'-

70 3963 134 4044 pra
161 3960 321 4019 tenuem.
339 3946 558 4044 meningem
585 3942 656 4018 sub
686 3943 828 4014 vertice
861 3957 1070 4039 conspectae
