<?xml version="1.0" encoding="UTF-8"?>
<!DOCTYPE html PUBLIC "-//W3C//DTD XHTML 1.0 Transitional//EN"
    "http://www.w3.org/TR/xhtml1/DTD/xhtml1-transitional.dtd">
<html xmlns="http://www.w3.org/1999/xhtml" xml:lang="en" lang="en">
 <head>
  <title>
</title>
<meta http-equiv="Content-Type" content="text/html;charset=utf-8" />
  <meta name='ocr-system' content='tesseract 3.04.00' />
  <meta name='ocr-capabilities' content='ocr_page ocr_carea ocr_par ocr_line ocrx_word'/>
</head>
<body>
  <div class='ocr_page' id='page_1' title='image "./desedibusetcaus06adelgoog_0048.png"; bbox 0 0 2862 4668; ppageno 0'>
   <div class='ocr_carea' id='block_1_1' title="bbox 52 463 1219 3971">
    <p class='ocr_par' dir='ltr' id='par_1_1' title="bbox 52 463 1219 3971">
     <span class='ocr_line' id='line_1_1' title="bbox 1080 463 1126 561; baseline 0 0"><span class='ocrx_word' id='word_1_1' title='bbox 1080 463 1126 561; x_wconf 78' lang='lat'><em>37</em></span> 
     </span>
     <span class='ocr_line' id='line_1_2' title="bbox 126 597 1129 695; baseline 0.002 -26"><span class='ocrx_word' id='word_1_2' title='bbox 126 597 232 686; x_wconf 78' lang='lat' dir='ltr'><em>milii,</em></span> <span class='ocrx_word' id='word_1_3' title='bbox 255 619 369 695; x_wconf 86' lang='lat' dir='ltr'><em>quam</em></span> <span class='ocrx_word' id='word_1_4' title='bbox 391 621 520 691; x_wconf 89' lang='lat' dir='ltr'><em>eorum</em></span> <span class='ocrx_word' id='word_1_5' title='bbox 547 621 640 695; x_wconf 88' lang='lat' dir='ltr'><em>quos</em></span> <span class='ocrx_word' id='word_1_6' title='bbox 672 602 883 685; x_wconf 74' lang='lat' dir='ltr'><em>nominaui,</em></span> <span class='ocrx_word' id='word_1_7' title='bbox 909 606 1129 671; x_wconf 79' lang='lat' dir='ltr'><em>auctoritati</em></span> 
     </span>
     <span class='ocr_line' id='line_1_3' title="bbox 52 716 1131 814; baseline 0.001 -28"><span class='ocrx_word' id='word_1_8' title='bbox 52 776 54 779; x_wconf 95' lang='lat'>.</span> <span class='ocrx_word' id='word_1_9' title='bbox 128 740 300 787; x_wconf 85' lang='lat' dir='ltr'><em>concessa</em></span> <span class='ocrx_word' id='word_1_10' title='bbox 340 720 456 802; x_wconf 89' lang='lat' dir='ltr'><em>uisse,</em></span> <span class='ocrx_word' id='word_1_11' title='bbox 478 716 613 802; x_wconf 87' lang='lat' dir='ltr'><em>credo,</em></span> <span class='ocrx_word' id='word_1_12' title='bbox 644 721 698 784; x_wconf 90' lang='lat' dir='ltr'><em>ita</em></span> <span class='ocrx_word' id='word_1_13' title='bbox 721 716 792 785; x_wconf 82' lang='lat' dir='ltr'><em>lioc</em></span> <span class='ocrx_word' id='word_1_14' title='bbox 803 722 1002 814; x_wconf 69' lang='lat' dir='ltr'><em>praecipue</em></span> <span class='ocrx_word' id='word_1_15' title='bbox 1025 717 1131 813; x_wconf 81' lang='lat' dir='ltr'><em>quo-ol</em></span> 
     </span>
     <span class='ocr_line' id='line_1_4' title="bbox 121 832 1130 930; baseline 0.002 -27"><span class='ocrx_word' id='word_1_16' title='bbox 121 849 316 930; x_wconf 87' lang='lat' dir='ltr'><em>postremo</em></span> <span class='ocrx_word' id='word_1_17' title='bbox 357 832 459 918; x_wconf 77' lang='lat' dir='ltr'><em>diui,</em></span> <span class='ocrx_word' id='word_1_18' title='bbox 488 833 538 903; x_wconf 89' lang='lat' dir='ltr'><em>ab</em></span> <span class='ocrx_word' id='word_1_19' title='bbox 575 838 844 930; x_wconf 89' lang='lat' dir='ltr'><em>sapientissimo</em></span> <span class='ocrx_word' id='word_1_20' title='bbox 873 837 1016 905; x_wconf 70' lang='lat' dir='ltr'><em>Ssusrn</em></span> <span class='ocrx_word' id='word_1_21' title='bbox 1053 860 1130 906; x_wconf 91' lang='lat' dir='ltr'><em>esse</em></span> 
     </span>
     <span class='ocr_line' id='line_1_5' title="bbox 130 942 1132 1047; baseline 0.004 -29"><span class='ocrx_word' id='word_1_22' title='bbox 130 950 279 1037; x_wconf 83' lang='lat' dir='ltr'><em>clatum,</em></span> <span class='ocrx_word' id='word_1_23' title='bbox 289 966 390 1047; x_wconf 90' lang='lat' dir='ltr'><em>puto</em></span> <span class='ocrx_word' id='word_1_24' title='bbox 408 950 561 1020; x_wconf 90' lang='lat' dir='ltr'><em>consilio</em></span> <span class='ocrx_word' id='word_1_25' title='bbox 574 950 745 1020; x_wconf 88' lang='lat' dir='ltr'><em>Barboni</em></span> <span class='ocrx_word' id='word_1_26' title='bbox 761 942 1002 1037; x_wconf 80' lang='lat' dir='ltr'><em>Mauroceni,</em></span> <span class='ocrx_word' id='word_1_27' title='bbox 1020 952 1132 1023; x_wconf 85' lang='lat' dir='ltr'><em>AEdis</em></span> 
     </span>
     <span class='ocr_line' id='line_1_6' title="bbox 129 1049 1137 1139; baseline 0.002 -2"><span class='ocrx_word' id='word_1_28' title='bbox 129 1071 339 1137; x_wconf 86' lang='lat' dir='ltr'><em>Marcianoe</em></span> <span class='ocrx_word' id='word_1_29' title='bbox 346 1071 848 1137; x_wconf 87' lang='lat' dir='ltr'><em>Procuratoris·meritissimi</em></span> <span class='ocrx_word' id='word_1_30' title='bbox 866 1049 902 1136; x_wconf 86' lang='lat' dir='ltr'><em>et</em></span> <span class='ocrx_word' id='word_1_31' title='bbox 910 1067 1071 1138; x_wconf 89' lang='lat' dir='ltr'><em>duorum</em></span> <span class='ocrx_word' id='word_1_32' title='bbox 1081 1093 1137 1139; x_wconf 51' lang='lat' dir='ltr'><em>eo:¹</em></span> 
     </span>
     <span class='ocr_line' id='line_1_7' title="bbox 131 1183 1135 1281; baseline 0.002 -28"><span class='ocrx_word' id='word_1_33' title='bbox 131 1188 263 1254; x_wconf 90' lang='lat' dir='ltr'><em>Vestro</em></span> <span class='ocrx_word' id='word_1_34' title='bbox 280 1183 420 1256; x_wconf 77' lang='lat' dir='ltr'><em>Ordine</em></span> <span class='ocrx_word' id='word_1_35' title='bbox 436 1208 665 1254; x_wconf 89' lang='lat' dir='ltr'><em>summorum</em></span> <span class='ocrx_word' id='word_1_36' title='bbox 678 1190 871 1272; x_wconf 78' lang='lat' dir='ltr'><em>Virorum,</em></span> <span class='ocrx_word' id='word_1_37' title='bbox 892 1209 986 1281; x_wconf 80' lang='lat' dir='ltr'><em>quos</em></span> <span class='ocrx_word' id='word_1_38' title='bbox 1000 1186 1135 1255; x_wconf 75' lang='lat' dir='ltr'><em>eadem¹</em></span> 
     </span>
     <span class='ocr_line' id='line_1_8' title="bbox 131 1299 1134 1398; baseline 0.003 -29"><span class='ocrx_word' id='word_1_39' title='bbox 131 1299 287 1370; x_wconf 82' lang='lat' dir='ltr'><em>lionoris</em></span> <span class='ocrx_word' id='word_1_40' title='bbox 312 1300 762 1398; x_wconf 84' lang='lat' dir='ltr'><em>amplitudineornatos,</em></span> <span class='ocrx_word' id='word_1_41' title='bbox 788 1303 879 1370; x_wconf 87' lang='lat' dir='ltr'><em>boni</em></span> <span class='ocrx_word' id='word_1_42' title='bbox 906 1306 1040 1398; x_wconf 88' lang='lat' dir='ltr'><em>Superi</em></span> <span class='ocrx_word' id='word_1_43' title='bbox 1050 1306 1134 1398; x_wconf 57' lang='lat' dir='ltr'><em>&#39;pua</em></span> 
     </span>
     <span class='ocr_line' id='line_1_9' title="bbox 133 1419 1219 1517; baseline 0.003 -32"><span class='ocrx_word' id='word_1_44' title='bbox 133 1423 235 1506; x_wconf 73' lang='lat' dir='ltr'><em>trice,</em></span> <span class='ocrx_word' id='word_1_45' title='bbox 256 1433 295 1489; x_wconf 87' lang='lat' dir='ltr'><em>et</em></span> <span class='ocrx_word' id='word_1_46' title='bbox 319 1419 429 1488; x_wconf 91' lang='lat' dir='ltr'><em>nobis</em></span> <span class='ocrx_word' id='word_1_47' title='bbox 436 1471 447 1505; x_wconf 93' lang='lat'><strong><em>,</em></strong></span> <span class='ocrx_word' id='word_1_48' title='bbox 472 1433 514 1489; x_wconf 93' lang='lat' dir='ltr'><em>ut</em></span> <span class='ocrx_word' id='word_1_49' title='bbox 531 1419 735 1497; x_wconf 80' lang='lat' dir='ltr'><em>diutissime</em></span> <span class='ocrx_word' id='word_1_50' title='bbox 751 1420 1021 1517; x_wconf 84' lang='lat' dir='ltr'><em>precantibus,</em></span> <span class='ocrx_word' id='word_1_51' title='bbox 1049 1419 1107 1488; x_wconf 89' lang='lat' dir='ltr'><em>rel</em></span> <span class='ocrx_word' id='word_1_52' title='bbox 1114 1425 1120 1437; x_wconf 82' lang='lat'><strong><em>&#39;</em></strong></span> <span class='ocrx_word' id='word_1_53' title='bbox 1213 1448 1219 1453; x_wconf 80' lang='grc'><em>·</em></span> 
     </span>
     <span class='ocr_line' id='line_1_10' title="bbox 133 1533 1130 1634; baseline 0.002 -30"><span class='ocrx_word' id='word_1_54' title='bbox 133 1559 261 1631; x_wconf 88' lang='lat' dir='ltr'><em>quere,</em></span> <span class='ocrx_word' id='word_1_55' title='bbox 278 1533 500 1623; x_wconf 86' lang='lat' dir='ltr'><em>camillum,</em></span> <span class='ocrx_word' id='word_1_56' title='bbox 517 1551 554 1605; x_wconf 92' lang='lat' dir='ltr'><em>et</em></span> <span class='ocrx_word' id='word_1_57' title='bbox 563 1551 718 1607; x_wconf 83' lang='lat' dir='ltr'><em>coeteros</em></span> <span class='ocrx_word' id='word_1_58' title='bbox 729 1558 823 1633; x_wconf 84' lang='lat' dir='ltr'><em>quos</em></span> <span class='ocrx_word' id='word_1_59' title='bbox 833 1561 949 1634; x_wconf 86' lang='lat' dir='ltr'><em>supra</em></span> <span class='ocrx_word' id='word_1_60' title='bbox 963 1535 1130 1623; x_wconf 72' lang='lat' dir='ltr'><em>laudaui,</em></span> 
     </span>
     <span class='ocr_line' id='line_1_11' title="bbox 130 1652 1134 1750; baseline 0.002 -30"><span class='ocrx_word' id='word_1_61' title='bbox 130 1652 370 1722; x_wconf 79' lang='lat' dir='ltr'><em>moerentibus</em></span> <span class='ocrx_word' id='word_1_62' title='bbox 378 1676 633 1750; x_wconf 82' lang='lat' dir='ltr'><em>proepropera</em></span> <span class='ocrx_word' id='word_1_63' title='bbox 650 1653 715 1723; x_wconf 82' lang='lat' dir='ltr'><em>uel</em></span> <span class='ocrx_word' id='word_1_64' title='bbox 729 1658 767 1721; x_wconf 90' lang='lat' dir='ltr'><em>in</em></span> <span class='ocrx_word' id='word_1_65' title='bbox 786 1659 887 1724; x_wconf 90' lang='lat' dir='ltr'><em>senio</em></span> <span class='ocrx_word' id='word_1_66' title='bbox 901 1658 1007 1740; x_wconf 82' lang='lat' dir='ltr'><em>uisa,</em></span> <span class='ocrx_word' id='word_1_67' title='bbox 1034 1675 1134 1722; x_wconf 93' lang='lat' dir='ltr'><em>mors</em></span> 
     </span>
     <span class='ocr_line' id='line_1_12' title="bbox 132 1769 1136 1872; baseline 0.001 -34"><span class='ocrx_word' id='word_1_68' title='bbox 132 1775 320 1868; x_wconf 86' lang='lat' dir='ltr'><em>eripuerit.</em></span> <span class='ocrx_word' id='word_1_69' title='bbox 335 1775 390 1843; x_wconf 90' lang='lat' dir='ltr'><em>Et</em></span> <span class='ocrx_word' id='word_1_70' title='bbox 406 1775 517 1844; x_wconf 84' lang='lat' dir='ltr'><em>trium</em></span> <span class='ocrx_word' id='word_1_71' title='bbox 533 1770 683 1872; x_wconf 88' lang='lat' dir='ltr'><em>quidem</em></span> <span class='ocrx_word' id='word_1_72' title='bbox 700 1794 829 1841; x_wconf 89' lang='lat' dir='ltr'><em>eorum</em></span> <span class='ocrx_word' id='word_1_73' title='bbox 851 1769 1047 1841; x_wconf 87' lang='lat' dir='ltr'><em>consilium</em></span> <span class='ocrx_word' id='word_1_74' title='bbox 1066 1775 1136 1840; x_wconf 93' lang='lat' dir='ltr'><em>etsi</em></span> 
     </span>
     <span class='ocr_line' id='line_1_13' title="bbox 131 1887 1133 1985; baseline 0.002 -28"><span class='ocrx_word' id='word_1_75' title='bbox 131 1910 172 1957; x_wconf 90' lang='lat' dir='ltr'><em>eo</em></span> <span class='ocrx_word' id='word_1_76' title='bbox 193 1902 399 1985; x_wconf 75' lang='lat' dir='ltr'><em>spectasse,</em></span> <span class='ocrx_word' id='word_1_77' title='bbox 414 1912 491 1958; x_wconf 89' lang='lat' dir='ltr'><em>non</em></span> <span class='ocrx_word' id='word_1_78' title='bbox 503 1887 653 1975; x_wconf 85' lang='lat' dir='ltr'><em>dubito,</em></span> <span class='ocrx_word' id='word_1_79' title='bbox 667 1902 710 1957; x_wconf 91' lang='lat' dir='ltr'><em>ut</em></span> <span class='ocrx_word' id='word_1_80' title='bbox 722 1892 863 1984; x_wconf 86' lang='lat' dir='ltr'><em>regium</em></span> <span class='ocrx_word' id='word_1_81' title='bbox 881 1893 920 1959; x_wconf 92' lang='lat' dir='ltr'><em>V</em></span> <span class='ocrx_word' id='word_1_82' title='bbox 915 1903 1033 1959; x_wconf 84' lang='lat' dir='ltr'><em>enetoe</em></span> <span class='ocrx_word' id='word_1_83' title='bbox 1051 1915 1133 1959; x_wconf 87' lang='lat' dir='ltr'><em>mu-</em></span> 
     </span>
     <span class='ocr_line' id='line_1_14' title="bbox 74 1998 1135 2102; baseline 0.001 -27"><span class='ocrx_word' id='word_1_84' title='bbox 74 2053 76 2058; x_wconf 87' lang='lat'>·</span> <span class='ocrx_word' id='word_1_85' title='bbox 131 2005 346 2099; x_wconf 84' lang='lat' dir='ltr'><em>nificientioe</em></span> <span class='ocrx_word' id='word_1_86' title='bbox 369 2002 581 2101; x_wconf 80' lang='lat' dir='ltr'><em>exemplum</em></span> <span class='ocrx_word' id='word_1_87' title='bbox 604 2030 694 2102; x_wconf 87' lang='lat' dir='ltr'><em>erga</em></span> <span class='ocrx_word' id='word_1_88' title='bbox 714 1998 968 2095; x_wconf 88' lang='lat' dir='ltr'><em>Professorem</em></span> <span class='ocrx_word' id='word_1_89' title='bbox 989 2011 1135 2077; x_wconf 86' lang='lat' dir='ltr'><em>Huma-</em></span> 
     </span>
     <span class='ocr_line' id='line_1_15' title="bbox 130 2121 1135 2219; baseline 0.001 -26"><span class='ocrx_word' id='word_1_90' title='bbox 130 2125 258 2193; x_wconf 85' lang='lat' dir='ltr'><em>nitatis</em></span> <span class='ocrx_word' id='word_1_91' title='bbox 276 2126 455 2192; x_wconf 79' lang='lat' dir='ltr'><em>eximium</em></span> <span class='ocrx_word' id='word_1_92' title='bbox 472 2128 663 2219; x_wconf 79' lang='lat' dir='ltr'><em>superiore</em></span> <span class='ocrx_word' id='word_1_93' title='bbox 676 2121 814 2193; x_wconf 86' lang='lat' dir='ltr'><em>soeeulo</em></span> <span class='ocrx_word' id='word_1_94' title='bbox 829 2139 981 2209; x_wconf 79' lang='lat' dir='ltr'><em>extans,</em></span> <span class='ocrx_word' id='word_1_95' title='bbox 1001 2128 1135 2194; x_wconf 90' lang='lat' dir='ltr'><em>iterum</em></span> 
     </span>
     <span class='ocr_line' id='line_1_16' title="bbox 134 2238 1136 2337; baseline 0.002 -30"><span class='ocrx_word' id='word_1_96' title='bbox 134 2238 1136 2337; x_wconf 75' lang='lat' dir='ltr'><em>nostraadingeniaexcitandarenovaretur3ltocipso</em></span> 
     </span>
     <span class='ocr_line' id='line_1_17' title="bbox 136 2354 1135 2455; baseline 0.004 -31"><span class='ocrx_word' id='word_1_97' title='bbox 136 2370 261 2425; x_wconf 88' lang='lat' dir='ltr'><em>tamen</em></span> <span class='ocrx_word' id='word_1_98' title='bbox 276 2354 434 2454; x_wconf 82' lang='lat' dir='ltr'><em>quadiu</em></span> <span class='ocrx_word' id='word_1_99' title='bbox 453 2381 512 2426; x_wconf 89' lang='lat' dir='ltr'><em>me</em></span> <span class='ocrx_word' id='word_1_100' title='bbox 526 2359 762 2455; x_wconf 90' lang='lat' dir='ltr'><em>potissimum</em></span> <span class='ocrx_word' id='word_1_101' title='bbox 781 2362 970 2443; x_wconf 75' lang='lat' dir='ltr'><em>renovari,</em></span> <span class='ocrx_word' id='word_1_102' title='bbox 991 2355 1135 2428; x_wconf 91' lang='lat' dir='ltr'><em>malue-</em></span> 
     </span>
     <span class='ocr_line' id='line_1_18' title="bbox 132 2458 1139 2571; baseline 0 -26"><span class='ocrx_word' id='word_1_103' title='bbox 132 2478 222 2560; x_wconf 85' lang='lat' dir='ltr'><em>rint,</em></span> <span class='ocrx_word' id='word_1_104' title='bbox 243 2489 407 2571; x_wconf 83' lang='lat' dir='ltr'><em>quantus</em></span> <span class='ocrx_word' id='word_1_105' title='bbox 426 2472 482 2543; x_wconf 91' lang='lat' dir='ltr'><em>ad</em></span> <span class='ocrx_word' id='word_1_106' title='bbox 499 2490 636 2543; x_wconf 83' lang='lat' dir='ltr'><em>ooetera</em></span> <span class='ocrx_word' id='word_1_107' title='bbox 649 2458 887 2570; x_wconf 84' lang='lat' dir='ltr'><em>magistratus</em></span> <span class='ocrx_word' id='word_1_108' title='bbox 895 2479 1012 2545; x_wconf 81' lang='lat' dir='ltr'><em>vestri</em></span> <span class='ocrx_word' id='word_1_109' title='bbox 1027 2480 1065 2544; x_wconf 92' lang='lat' dir='ltr'><em>in</em></span> <span class='ocrx_word' id='word_1_110' title='bbox 1077 2500 1139 2545; x_wconf 90' lang='lat' dir='ltr'><em>me-</em></span> 
     </span>
     <span class='ocr_line' id='line_1_19' title="bbox 133 2588 1136 2686; baseline 0.005 -27"><span class='ocrx_word' id='word_1_111' title='bbox 133 2590 317 2686; x_wconf 88' lang='lat' dir='ltr'><em>benefieia</em></span> <span class='ocrx_word' id='word_1_112' title='bbox 340 2588 447 2662; x_wconf 81' lang='lat' dir='ltr'><em>velut</em></span> <span class='ocrx_word' id='word_1_113' title='bbox 471 2591 663 2678; x_wconf 87' lang='lat' dir='ltr'><em>cumulus,</em></span> <span class='ocrx_word' id='word_1_114' title='bbox 695 2597 910 2678; x_wconf 83' lang='lat' dir='ltr'><em>accesserit,</em></span> <span class='ocrx_word' id='word_1_115' title='bbox 942 2616 1061 2663; x_wconf 82' lang='lat' dir='ltr'><em>caecus</em></span> <span class='ocrx_word' id='word_1_116' title='bbox 1079 2619 1136 2664; x_wconf 92' lang='lat' dir='ltr'><em>es-</em></span> 
     </span>
     <span class='ocr_line' id='line_1_20' title="bbox 132 2714 1137 2808; baseline 0 -30"><span class='ocrx_word' id='word_1_117' title='bbox 132 2732 207 2778; x_wconf 92' lang='lat' dir='ltr'><em>sem</em></span> <span class='ocrx_word' id='word_1_118' title='bbox 234 2714 270 2778; x_wconf 93' lang='lat' dir='ltr'><em>si</em></span> <span class='ocrx_word' id='word_1_119' title='bbox 290 2732 367 2778; x_wconf 93' lang='lat' dir='ltr'><em>non</em></span> <span class='ocrx_word' id='word_1_120' title='bbox 388 2714 662 2808; x_wconf 78' lang='lat' dir='ltr'><em>perspicerem,</em></span> <span class='ocrx_word' id='word_1_121' title='bbox 704 2714 972 2805; x_wconf 88' lang='lat' dir='ltr'><em>ingratissimus</em></span> <span class='ocrx_word' id='word_1_122' title='bbox 1000 2715 1035 2777; x_wconf 93' lang='lat' dir='ltr'><em>si</em></span> <span class='ocrx_word' id='word_1_123' title='bbox 1060 2733 1137 2778; x_wconf 91' lang='lat' dir='ltr'><em>non</em></span> 
     </span>
     <span class='ocr_line' id='line_1_21' title="bbox 126 2825 1139 2920; baseline 0.002 -27"><span class='ocrx_word' id='word_1_124' title='bbox 126 2827 284 2918; x_wconf 87' lang='lat' dir='ltr'><em>faterer.</em></span> <span class='ocrx_word' id='word_1_125' title='bbox 308 2825 385 2896; x_wconf 87' lang='lat' dir='ltr'><em>Sed</em></span> <span class='ocrx_word' id='word_1_126' title='bbox 406 2851 483 2896; x_wconf 91' lang='lat' dir='ltr'><em>non</em></span> <span class='ocrx_word' id='word_1_127' title='bbox 505 2832 626 2897; x_wconf 87' lang='lat' dir='ltr'><em>minus</em></span> <span class='ocrx_word' id='word_1_128' title='bbox 648 2830 815 2920; x_wconf 86' lang='lat' dir='ltr'><em>ingratus</em></span> <span class='ocrx_word' id='word_1_129' title='bbox 836 2848 971 2912; x_wconf 91' lang='lat' dir='ltr'><em>essem,</em></span> <span class='ocrx_word' id='word_1_130' title='bbox 994 2831 1028 2895; x_wconf 94' lang='lat' dir='ltr'><em>si</em></span> <span class='ocrx_word' id='word_1_131' title='bbox 1049 2831 1139 2896; x_wconf 83' lang='lat' dir='ltr'><em>reti-</em></span> 
     </span>
     <span class='ocr_line' id='line_1_22' title="bbox 138 2941 1140 3042; baseline -0.001 -30"><span class='ocrx_word' id='word_1_132' title='bbox 138 2967 274 3030; x_wconf 86' lang='lat' dir='ltr'><em>cerem,</em></span> <span class='ocrx_word' id='word_1_133' title='bbox 297 2969 375 3041; x_wconf 87' lang='lat' dir='ltr'><em>qaa</em></span> <span class='ocrx_word' id='word_1_134' title='bbox 395 2969 454 3014; x_wconf 91' lang='lat' dir='ltr'><em>me</em></span> <span class='ocrx_word' id='word_1_135' title='bbox 470 2941 610 3042; x_wconf 79' lang='lat' dir='ltr'><em>singuli</em></span> <span class='ocrx_word' id='word_1_136' title='bbox 629 2944 855 3039; x_wconf 75' lang='lat' dir='ltr'><em>benignitate</em></span> <span class='ocrx_word' id='word_1_137' title='bbox 880 2956 917 3011; x_wconf 89' lang='lat' dir='ltr'><em>et</em></span> <span class='ocrx_word' id='word_1_138' title='bbox 935 2966 1082 3030; x_wconf 88' lang='lat' dir='ltr'><em>coram,</em></span> <span class='ocrx_word' id='word_1_139' title='bbox 1101 2957 1140 3013; x_wconf 92' lang='lat' dir='ltr'><em>et</em></span> 
     </span>
     <span class='ocr_line' id='line_1_23' title="bbox 128 3060 1207 3160; baseline 0.001 -29"><span class='ocrx_word' id='word_1_140' title='bbox 128 3087 202 3158; x_wconf 91' lang='lat' dir='ltr'><em>per</em></span> <span class='ocrx_word' id='word_1_141' title='bbox 210 3060 393 3159; x_wconf 90' lang='lat' dir='ltr'><em>epistolas</em></span> <span class='ocrx_word' id='word_1_142' title='bbox 402 3067 573 3160; x_wconf 81' lang='lat' dir='ltr'><em>excipere</em></span> <span class='ocrx_word' id='word_1_143' title='bbox 580 3064 861 3147; x_wconf 75' lang='lat' dir='ltr'><em>consueveriti53</em></span> <span class='ocrx_word' id='word_1_144' title='bbox 869 3084 946 3157; x_wconf 92' lang='lat' dir='ltr'><em>per</em></span> <span class='ocrx_word' id='word_1_145' title='bbox 961 3060 1138 3158; x_wconf 83' lang='lat' dir='ltr'><em>epistolas</em></span> <span class='ocrx_word' id='word_1_146' title='bbox 1206 3110 1207 3113; x_wconf 55' lang='lat'><em>=</em></span> 
     </span>
     <span class='ocr_line' id='line_1_24' title="bbox 132 3177 1138 3276; baseline 0.001 -28"><span class='ocrx_word' id='word_1_147' title='bbox 132 3179 286 3273; x_wconf 70' lang='lat' dir='ltr'><em>autem?</em></span> <span class='ocrx_word' id='word_1_148' title='bbox 303 3184 378 3248; x_wconf 91' lang='lat' dir='ltr'><em>imo</em></span> <span class='ocrx_word' id='word_1_149' title='bbox 393 3203 484 3251; x_wconf 83' lang='lat' dir='ltr'><em>uero</em></span> <span class='ocrx_word' id='word_1_150' title='bbox 497 3203 574 3276; x_wconf 91' lang='lat' dir='ltr'><em>per</em></span> <span class='ocrx_word' id='word_1_151' title='bbox 587 3177 701 3250; x_wconf 89' lang='lat' dir='ltr'><em>libros</em></span> <span class='ocrx_word' id='word_1_152' title='bbox 717 3183 829 3247; x_wconf 90' lang='lat' dir='ltr'><em>etiam</em></span> <span class='ocrx_word' id='word_1_153' title='bbox 846 3177 1138 3268; x_wconf 84' lang='lat' dir='ltr'><em>eruditissimos,</em></span> 
     </span>
     <span class='ocr_line' id='line_1_25' title="bbox 136 3296 1140 3368; baseline 0.002 -2"><span class='ocrx_word' id='word_1_154' title='bbox 136 3311 176 3366; x_wconf 92' lang='lat' dir='ltr'><em>ut</em></span> <span class='ocrx_word' id='word_1_155' title='bbox 185 3321 270 3367; x_wconf 90' lang='lat' dir='ltr'><em>cum</em></span> <span class='ocrx_word' id='word_1_156' title='bbox 283 3302 340 3367; x_wconf 88' lang='lat' dir='ltr'><em>rei</em></span> <span class='ocrx_word' id='word_1_157' title='bbox 351 3297 542 3367; x_wconf 78' lang='lat' dir='ltr'><em>litteraria</em></span> <span class='ocrx_word' id='word_1_158' title='bbox 555 3300 780 3367; x_wconf 89' lang='lat' dir='ltr'><em>Venetorum</em></span> <span class='ocrx_word' id='word_1_159' title='bbox 792 3298 964 3364; x_wconf 86' lang='lat' dir='ltr'><em>Historia</em></span> <span class='ocrx_word' id='word_1_160' title='bbox 975 3296 1031 3366; x_wconf 89' lang='lat' dir='ltr'><em>ad</em></span> <span class='ocrx_word' id='word_1_161' title='bbox 1037 3322 1140 3368; x_wconf 87' lang='lat' dir='ltr'><em>seros</em></span> 
     </span>
     <span class='ocr_line' id='line_1_26' title="bbox 128 3413 1140 3514; baseline 0.002 -31"><span class='ocrx_word' id='word_1_162' title='bbox 128 3428 308 3514; x_wconf 90' lang='lat' dir='ltr'><em>posteros</em></span> <span class='ocrx_word' id='word_1_163' title='bbox 326 3438 448 3484; x_wconf 92' lang='lat' dir='ltr'><em>meum</em></span> <span class='ocrx_word' id='word_1_164' title='bbox 467 3418 516 3484; x_wconf 92' lang='lat' dir='ltr'><em>sit</em></span> <span class='ocrx_word' id='word_1_165' title='bbox 527 3436 662 3485; x_wconf 90' lang='lat' dir='ltr'><em>nomen</em></span> <span class='ocrx_word' id='word_1_166' title='bbox 675 3426 945 3509; x_wconf 75' lang='lat' dir='ltr'><em>peruenturum</em></span> <span class='ocrx_word' id='word_1_167' title='bbox 968 3419 1011 3482; x_wconf 90' lang='lat' dir='ltr'><em>iis</em></span> <span class='ocrx_word' id='word_1_168' title='bbox 1025 3413 1140 3485; x_wconf 91' lang='lat' dir='ltr'><em>titulis</em></span> 
     </span>
     <span class='ocr_line' id='line_1_27' title="bbox 138 3529 1141 3627; baseline 0.001 -27"><span class='ocrx_word' id='word_1_169' title='bbox 138 3545 383 3616; x_wconf 78' lang='lat' dir='ltr'><em>exornatum,</em></span> <span class='ocrx_word' id='word_1_170' title='bbox 409 3553 522 3627; x_wconf 84' lang='lat' dir='ltr'><em>quos,</em></span> <span class='ocrx_word' id='word_1_171' title='bbox 550 3543 592 3600; x_wconf 89' lang='lat' dir='ltr'><em>ut</em></span> <span class='ocrx_word' id='word_1_172' title='bbox 609 3554 635 3598; x_wconf 93' lang='lat' dir='ltr'><em>a</em></span> <span class='ocrx_word' id='word_1_173' title='bbox 659 3543 765 3598; x_wconf 90' lang='lat' dir='ltr'><em>tanto</em></span> <span class='ocrx_word' id='word_1_174' title='bbox 785 3535 869 3600; x_wconf 85' lang='lat' dir='ltr'><em>viro</em></span> <span class='ocrx_word' id='word_1_175' title='bbox 889 3529 1021 3617; x_wconf 85' lang='lat' dir='ltr'><em>datos,</em></span> <span class='ocrx_word' id='word_1_176' title='bbox 1050 3531 1141 3601; x_wconf 90' lang='lat' dir='ltr'><em>olim</em></span> 
     </span>
     <span class='ocr_line' id='line_1_28' title="bbox 138 3646 1141 3745; baseline 0 -28"><span class='ocrx_word' id='word_1_177' title='bbox 138 3647 272 3719; x_wconf 87' lang='lat' dir='ltr'><em>credar</em></span> <span class='ocrx_word' id='word_1_178' title='bbox 295 3654 562 3744; x_wconf 87' lang='lat' dir='ltr'><em>promeruisse.</em></span> <span class='ocrx_word' id='word_1_179' title='bbox 591 3646 740 3719; x_wconf 88' lang='lat' dir='ltr'><em>Eadem</em></span> <span class='ocrx_word' id='word_1_180' title='bbox 765 3671 851 3745; x_wconf 89' lang='lat' dir='ltr'><em>ergo</em></span> <span class='ocrx_word' id='word_1_181' title='bbox 875 3673 952 3744; x_wconf 86' lang='lat' dir='ltr'><em>qua</em></span> <span class='ocrx_word' id='word_1_182' title='bbox 970 3674 1029 3719; x_wconf 90' lang='lat' dir='ltr'><em>me</em></span> <span class='ocrx_word' id='word_1_183' title='bbox 1043 3648 1106 3719; x_wconf 92' lang='lat' dir='ltr'><em>sol</em></span> <span class='ocrx_word' id='word_1_184' title='bbox 1123 3690 1141 3704; x_wconf 88' lang='lat'>-</span> 
     </span>
     <span class='ocr_line' id='line_1_29' title="bbox 134 3761 1136 3862; baseline 0 -27"><span class='ocrx_word' id='word_1_185' title='bbox 134 3769 175 3835; x_wconf 78' lang='lat' dir='ltr'><em>tis</em></span> <span class='ocrx_word' id='word_1_186' title='bbox 185 3818 196 3852; x_wconf 90' lang='lat'><strong><em>,</em></strong></span> <span class='ocrx_word' id='word_1_187' title='bbox 218 3780 345 3862; x_wconf 86' lang='lat' dir='ltr'><em>etqua</em></span> <span class='ocrx_word' id='word_1_188' title='bbox 361 3779 435 3851; x_wconf 89' lang='lat' dir='ltr'><em>tot,</em></span> <span class='ocrx_word' id='word_1_189' title='bbox 454 3789 501 3835; x_wconf 92' lang='lat' dir='ltr'><em>ac</em></span> <span class='ocrx_word' id='word_1_190' title='bbox 518 3761 611 3833; x_wconf 90' lang='lat' dir='ltr'><em>talia</em></span> <span class='ocrx_word' id='word_1_191' title='bbox 629 3787 712 3833; x_wconf 89' lang='lat' dir='ltr'><em>cum</em></span> <span class='ocrx_word' id='word_1_192' title='bbox 728 3766 889 3860; x_wconf 82' lang='lat' dir='ltr'><em>majores</em></span> <span class='ocrx_word' id='word_1_193' title='bbox 899 3770 1017 3834; x_wconf 80' lang='lat' dir='ltr'><em>uestri</em></span> <span class='ocrx_word' id='word_1_194' title='bbox 1026 3820 1037 3851; x_wconf 89' lang='lat'><strong><em>,</em></strong></span> <span class='ocrx_word' id='word_1_195' title='bbox 1057 3780 1136 3835; x_wconf 88' lang='lat' dir='ltr'><em>turn</em></span> 
     </span>
     <span class='ocr_line' id='line_1_30' title="bbox 136 3880 1143 3971; baseline -0.004 -19"><span class='ocrx_word' id='word_1_196' title='bbox 136 3884 467 3971; x_wconf 73' lang='lat' dir='ltr'><em>Vos‚Sn1ssr0Rns</em></span> <span class='ocrx_word' id='word_1_197' title='bbox 497 3884 795 3970; x_wconf 76' lang='lat' dir='ltr'><em>AMPLIss1u1‚in</em></span> <span class='ocrx_word' id='word_1_198' title='bbox 829 3906 888 3951; x_wconf 91' lang='lat' dir='ltr'><em>me</em></span> <span class='ocrx_word' id='word_1_199' title='bbox 915 3880 1143 3969; x_wconf 65' lang='lat' dir='ltr'><em>contulistis,</em></span> 
     </span>
    </p>
   </div>
   <div class='ocr_carea' id='block_1_2' title="bbox 136 3995 1147 4101">
    <p class='ocr_par' dir='ltr' id='par_1_2' title="bbox 136 3995 1147 4101">
     <span class='ocr_line' id='line_1_31' title="bbox 136 3995 1147 4101; baseline 0.005 -34"><span class='ocrx_word' id='word_1_200' title='bbox 136 3998 322 4101; x_wconf 77' lang='lat' dir='ltr'><em>singulari</em></span> <span class='ocrx_word' id='word_1_201' title='bbox 338 4000 567 4097; x_wconf 88' lang='lat' dir='ltr'><em>benignitate</em></span> <span class='ocrx_word' id='word_1_202' title='bbox 583 4023 673 4084; x_wconf 88' lang='lat' dir='ltr'><em>oro,</em></span> <span class='ocrx_word' id='word_1_203' title='bbox 689 4014 803 4095; x_wconf 90' lang='lat' dir='ltr'><em>atque</em></span> <span class='ocrx_word' id='word_1_204' title='bbox 814 4000 965 4070; x_wconf 89' lang='lat' dir='ltr'><em>obsecro</em></span> <span class='ocrx_word' id='word_1_205' title='bbox 973 4052 984 4086; x_wconf 93' lang='lat'><strong><em>,</em></strong></span> <span class='ocrx_word' id='word_1_206' title='bbox 1007 4012 1050 4070; x_wconf 86' lang='lat' dir='ltr'><em>ut</em></span> <span class='ocrx_word' id='word_1_207' title='bbox 1062 3995 1147 4071; x_wconf 78' lang='lat' dir='ltr'><em>tac</em></span> 
     </span>
    </p>
   </div>
   <div class='ocr_carea' id='block_1_3' title="bbox 0 0 1451 4668">
    <p class='ocr_par' dir='ltr' id='par_1_3' title="bbox 0 0 1451 4668">
     <span class='ocr_line' id='line_1_32' title="bbox 0 0 1451 4668; baseline 0 0"><span class='ocrx_word' id='word_1_208' title='bbox 0 0 1451 4668; x_wconf 95' lang='lat' dir='ltr'><em> </em></span> 
     </span>
    </p>
   </div>
  </div>
 </body>
</html>
