2782 4668
295 454 366 544 428
458 476 505 531 na
530 478 675 526 sanmus
700 479 745 526 aa
769 478 893 528 causis
918 480 1128 528 nonronnn

294 594 388 662 riam
406 589 663 687 subjicientes,
682 617 730 661 ne
752 589 848 664 forte
872 607 1001 690 pereat
1026 598 1114 664 dum
1138 593 1202 663 illa
1228 594 1299 663 ita*

295 708 365 781 lica
380 711 441 798 ,in
462 733 536 807 qua
556 711 647 780 olim
668 711 845 781 Bononiae
865 709 1045 808 legimus,
1071 735 1186 782 manu
1214 722 1299 780 exa*

293 841 372 897 rata
399 826 453 924 (ι)
473 828 741 925 responsione,
764 852 879 926 quam
905 829 1147 900 Ramazzinus
1167 843 1301 899 noster

294 958 380 1015 ante
399 942 470 1016 hos
487 945 766 1042 propemodum
784 948 975 1045 octoginta
997 953 1116 1018 annos
1140 947 1301 1043 scripse·

294 1075 376 1150 rat,
400 1061 464 1133 sed
481 1061 635 1159 vulgare
658 1062 874 1160 prohibitus
895 1080 969 1154 est,
986 1065 1162 1138 adversus
1182 1087 1302 1160 quar-

294 1193 369 1250 tam
385 1184 440 1249 Jo.
459 1179 574 1250 Andr.
598 1181 786 1279 Monigliae
808 1168 1030 1255 ‘Censuram
1056 1183 1302 1278 Quinquage-

295 1297 409 1368 simus
426 1311 505 1367 erat
520 1296 599 1369 dies
621 1323 666 1369 ex
683 1323 761 1395 quo
781 1300 814 1370 ei
831 1300 968 1397 virgini
986 1299 1129 1371 labrum
1148 1297 1303 1369 catulus

293 1413 550 1485 momorderat
565 1439 677 1503 suus,
703 1438 790 1486 cum
817 1415 878 1486 illa
905 1419 1053 1514 egregie
1076 1416 1232 1502 valenS,
1271 1429 1304 1486 et

293 1530 390 1601 nihil
407 1531 532 1602 minus
550 1532 761 1631 suspicans,
788 1558 903 1630 quam
916 1559 955 1605 se
974 1536 1062 1604 mox
1077 1532 1304 1629 hydropho
1389 1540 1390 1553 ¹

293 1647 380 1718 bam
396 1645 494 1737 fore,
513 1648 604 1719 dum
622 1650 854 1721 amniculum
870 1650 1072 1748 quemdam
1088 1647 1182 1721 forte
1192 1664 1304 1720 tran·

294 1764 402 1854 siret,
425 1764 717 1864 hydrophobam
733 1765 931 1839 manifesto
949 1792 987 1839 se
1004 1766 1177 1839 ostendit.
1191 1770 1306 1839 Inter
1389 1810 1390 1825 κ

293 1897 423 1954 caetera
435 1882 573 1981 quibus
586 1883 791 1969 vexabatur
809 1869 1210 1971 incommoda,sensus
1222 1899 1305 1956 erat
1389 1962 1390 1967 ἵ

292 2002 395 2072 venti
428 2002 654 2088 tenuissimi,
683 2017 796 2098 caput
830 1999 1018 2089 ferientis,
1047 1999 1305 2097 quamobrem

293 2119 403 2189 ctiam
430 2132 543 2213 atque
571 2119 682 2187 etiam
708 2114 862 2207 orabat,
889 2133 931 2190 ut
962 2117 1149 2206 fenestrae,
1182 2134 1304 2216 atque
1389 2106 1390 2193 l

294 2234 387 2305 ostia
403 2248 574 2305 accurate
599 2234 888 2307 clauderentur:
904 2250 940 2306 et
961 2233 1008 2305 ad
1026 2235 1196 2331 quemvis
1217 2259 1305 2306 mo-
1389 2264 1390 2275 ¹

292 2366 371 2422 tum
402 2350 461 2421 vel
496 2351 696 2422 minimum
722 2354 788 2450 qui
807 2353 848 2422 in
878 2352 1056 2424 cubiculo
1087 2350 1304 2439 accideret,

293 2467 495 2541 clamabat:
510 2470 540 2540 si
559 2470 644 2566 quis
663 2485 789 2542 autem
809 2471 975 2568 stragula
997 2483 1210 2557 excuteret,
1239 2484 1304 2542 aut

290 2585 479 2658 flabellum
497 2584 666 2675 offerret,
679 2601 760 2659 turn
773 2613 864 2659 vero
884 2586 1143 2673 horrescebat,
1156 2601 1194 2658 et
1204 2603 1305 2659 atro-

218 2781 222 2789 ,
292 2705 448 2776 cissimis
465 2704 775 2777 convulsionibus
795 2703 1113 2803 prebendebatur.
1131 2705 1218 2775 Fuit
1237 2707 1303 2803 qui

291 2836 442 2920 cogeret
458 2806 594 2920 aquam
612 2837 809 2921 tantopere
829 2823 986 2895 invisam
1014 2836 1168 2920 potare,
1198 2847 1302 2893 eam·

292 2965 364 3037 que
378 2939 546 3010 multam.
567 2941 653 3029 Quo
671 2922 790 3026 lacto,
809 2941 942 3012 amissa
965 2938 1150 3037 loquendi
1181 2936 1301 3011 facul·

291 3071 385 3145 tate,
400 3071 437 3128 et
454 3057 659 3129 saevissimis
677 3056 988 3129 convulsionibus
1007 3057 1193 3145 cruciata,
1214 3071 1301 3155 post

291 3173 404 3270 paulo
421 3175 546 3245 vivere
561 3172 681 3245 desiit.
693 3177 793 3244 Dum
809 3175 972 3245 animam
981 3173 1058 3269 jam
1065 3173 1145 3270 jam
1154 3189 1301 3272 ageret,

292 3314 378 3360 cum
394 3288 489 3363 forte
507 3291 716 3362 crustulum
738 3292 923 3388 quispiam
948 3290 1064 3362 altera
1088 3306 1197 3387 parte
1207 3293 1299 3361 vino

292 3406 542 3479 madefactum
560 3408 615 3478 illi
634 3408 680 3479 ad
701 3433 744 3480 os
760 3408 1005 3495 admovisset,
1034 3406 1192 3479 abnuit:
1210 3423 1300 3479 tunc

293 3525 393 3596 idem
415 3550 489 3623 qua
507 3541 612 3624 parte
634 3542 713 3598 erat
730 3528 891 3616 siccum,
919 3523 1089 3597 oblatum
1115 3539 1197 3613 est,
1220 3527 1300 3623 ipsa

293 3667 383 3713 vcro
402 3643 567 3740 accepit,
585 3668 657 3716 nec
669 3642 849 3716 mandere
862 3643 1058 3715 recusavit.
1077 3647 1163 3714 Haec
1183 3641 1298 3715 ferme

877 3760 891 3799 ἢ

331 3928 375 4007 (r)
397 3930 500 4006 Nuper
516 3929 645 4000 interea,
660 3947 728 3986 cum
743 3938 807 3985 tota
826 3929 877 3987 illa
890 3927 1121 3997 Controversia,
1137 3927 1298 4004 typisMn-

293 4030 473 4105 tinensibus,
492 4041 527 4089 ut
543 4029 649 4099 audio,
669 4028 756 4086 edita.
