2774 4670
293 454 362 530 508
450 483 497 527 nr
523 476 670 529 summis
692 483 737 529 rr
761 481 885 529 cauus
911 479 1122 529 noanonuu

291 608 357 664 aut
369 618 455 665 cum
472 594 552 665 ullo
569 594 685 666 modo
701 596 920 693 cogitamus.
940 600 1019 693 Ego
1037 596 1105 693 qui
1120 592 1221 664 nihil
1229 592 1297 664 nisi

289 711 525 807 conjecturas
544 711 633 782 dare
652 714 815 810 possim,
834 712 1009 785 historias
1030 713 1159 802 malo,
1186 730 1296 809 quant

292 831 529 925 conjecturas
546 828 734 928 proferre,
754 857 837 928 quae
861 832 893 929 qi
916 857 997 902 rem
1015 831 1187 903 debeant
1209 855 1300 926 quo-

294 974 372 1045 quo
390 948 506 1019 modo
532 946 715 1036 definire;
740 948 802 1019 bic
830 946 986 1046 quidem
1011 973 1176 1046 prorsus
1204 972 1300 1018 com·

293 1066 471 1136 mentitiae
502 1067 598 1151 sint,
627 1080 811 1162 oportet:
839 1065 869 1136 si
900 1066 981 1136 veri
1014 1063 1300 1136 similitudinem

295 1184 417 1281 sequi;
436 1184 548 1253 nimis
560 1184 787 1280 generatim,
807 1180 1058 1279 universeque
1075 1183 1298 1278 excogitata.

294 1301 360 1371 His
374 1316 499 1372 tamen
513 1300 638 1398 potius
647 1325 760 1397 quam
773 1299 845 1371 illis
854 1315 962 1388 utor,
979 1298 1300 1396 quandocumque

295 1421 350 1490 uti
365 1426 514 1491 necesse
528 1432 606 1505 est,
624 1419 766 1516 quippe
783 1442 864 1515 quae
879 1418 992 1514 longe
1008 1419 1138 1488 minus
1154 1441 1236 1488 esse
1252 1414 1299 1484 vi-

296 1535 434 1606 dentur
446 1536 641 1608 erroribus
654 1534 841 1624 obnoxiae,
853 1535 1049 1632 multoque
1059 1534 1300 1632 paucioribus

295 1664 376 1725 tum
399 1653 524 1725 verbis
545 1668 673 1751 egent,
700 1669 779 1724 tum
807 1652 1024 1752 postulatis,
1042 1654 1122 1754 imo
1138 1652 1201 1724 his
1216 1650 1300 1721 adeo

295 1769 488 1859 facilibus,
505 1786 617 1868 atque
627 1772 862 1869 perspicuis,
879 1785 921 1842 ut
942 1786 1139 1868 ponantur
1155 1770 1301 1867 sapius,

296 1914 412 1990 quam
422 1891 681 1987 exprimantur
699 1917 707 1958 :
726 1889 828 1960 velut
845 1890 876 1960 si
890 1889 1032 1975 dicam,
1053 1889 1301 1959 irritationem
1376 1898 1377 1917 l

297 2032 380 2104 quae
401 2008 665 2079 convulsiones
683 2005 791 2096 facit,
821 2008 851 2079 si
868 2007 1056 2103 ejusmodi
1083 2008 1153 2092 sit,
1177 2022 1222 2077 ut
1250 2020 1303 2076 aut
1376 2066 1377 2099 ÷

296 2126 357 2212 vi,
377 2140 439 2196 aut
462 2124 601 2212 modo,
630 2139 693 2195 aut
710 2125 828 2213 loco,
842 2141 906 2196 aut
924 2126 1070 2197 ratione
1091 2123 1168 2193 alia
1186 2122 1304 2221 aliqua
1376 2114 1377 2201 J

298 2243 545 2340 intercipere,
561 2243 623 2314 aut
641 2244 798 2314 omniuo
819 2259 1034 2341 pervertere
1056 2241 1175 2312 simul
1194 2240 1305 2340 possit

298 2360 345 2431 ad
364 2375 514 2459 tempus
540 2361 693 2465 aliquod
719 2387 783 2433 eos
810 2377 959 2449 motus,
987 2362 1055 2459 qui
1073 2359 1123 2430 ad
1145 2360 1305 2430 sentien-
1376 2352 1377 2359 ἵ

300 2478 390 2549 dum
407 2534 417 2565 ,
434 2479 725 2575 cogitandumve
744 2480 783 2548 in
804 2478 961 2549 cerebro
981 2476 1098 2565 fiunt,
1117 2491 1217 2549 tunc
1236 2501 1304 2546 non

300 2578 565 2670 convulsiones
591 2599 728 2684 modo,
751 2597 817 2668 sed
846 2596 1064 2694 epilepsiam
1089 2595 1216 2692 ipsam
1236 2618 1306 2665 esse

302 2713 496 2787 facturam.
513 2716 584 2787 Sed
596 2715 642 2787 ad
654 2716 828 2787 historias
839 2713 1018 2786 Valsalvae
1029 2712 1223 2811 primum,
1233 2728 1306 2783 tum

300 2833 437 2905 deinde
455 2850 491 2905 et
510 2848 657 2905 nostras
671 2835 877 2904 veniamus.

352 2979 384 3021 2.
406 2953 540 3022 Juveni
554 2952 687 3050 viginti
702 2975 766 3021 sex
781 2951 931 3022 circiter
942 2964 1133 3020 annorum
1142 2949 1305 3046 primum

301 3066 426 3140 fauces
442 3068 628 3139 'nonnihil
657 3069 940 3155 intumueran13
969 3068 1160 3164 appetitus
1189 3081 1304 3136 autem

302 3186 469 3281 dejectus
488 3201 577 3257 erat.
597 3187 662 3256 His
685 3201 770 3283 post
787 3186 931 3282 aliquot
948 3183 1028 3254 dies
1047 3185 1209 3255 accessit
1229 3207 1306 3252 con·

248 3399 251 3407 Δ
303 3303 423 3375 vulsio
437 3303 585 3375 brachii
604 3305 764 3390 sinistri,
778 3318 821 3374 ut
839 3319 962 3374 totum
980 3294 1180 3373 immobile
1197 3315 1304 3380 esset,

305 3437 419 3519 atque
430 3421 654 3508 inflexibile,
673 3421 808 3494 deinde
824 3437 949 3492 autem
964 3420 1144 3490 universo
1160 3418 1305 3517 corpori

306 3540 405 3635 ‘adem
425 3540 560 3610 accidit
574 3553 728 3637 repente
744 3537 849 3636 quod
868 3536 1025 3609 brachio
1045 3534 1255 3623 acciderat3
1272 3547 1306 3604 ut

313 3657 413 3729 rullo
432 3656 548 3728 modo
565 3659 641 3751 jam
659 3682 755 3755 aeger
769 3671 897 3754 posset
915 3657 954 3725 in
970 3652 1087 3724 ullam
1107 3669 1257 3752 partem
1274 3675 1305 3722 se

313 3795 459 3847 movere
475 3802 484 3863 ;
502 3774 566 3849 sed
584 3790 709 3862 recto,
734 3789 777 3844 ut
799 3773 965 3868 jacebat,
983 3780 1149 3869 'corpore
1177 3772 1305 3841 immo·
1378 3762 1379 3817 l

313 3886 411 3981 bits,
426 3893 645 3990 rigidusque
666 3906 868 3990 perstaret,
887 3891 958 3962 nisi
975 3889 1081 3988 quod
1097 3903 1230 3987 postea
1238 3911 1305 3958 ma·

315 4028 388 4076 nus
401 4011 599 4101 duntaxat,
618 4027 654 4082 et
675 4009 791 4109 pedes
808 4030 960 4083 movere
978 4006 1157 4109 nonnihil
1178 4006 1302 4105 potuit.
