2782 4668
175 434 245 479 mr.
274 433 300 489 Ι,
327 434 374 478 nr
399 431 535 479 noeirs
559 430 711 494 cistris,
735 430 847 479 rrrsr.
873 431 953 478 vm.
1006 409 1078 508 439

85 541 166 614 dam
183 544 233 615 ad
248 544 348 616 illius
361 544 526 615 radicem
543 543 758 631 tubercula,
773 568 938 641 quorum
956 545 1079 642 aliqua

86 676 288 758 suppurata
304 660 546 759 apparebant.
565 660 636 735 Sed
651 660 856 759 pharyngis
872 659 1079 733 inflamma-

86 779 136 848 tio
151 793 194 849 ut
209 802 305 876 saepe
322 777 446 865 nulla,
462 780 512 850 ita
530 792 572 849 ut
585 777 792 874 plurimum
807 793 1008 876 conspecta
1022 793 1081 861 est
1204 794 1208 801 '

87 918 244 992 magna,
268 896 453 992 praeeipue
470 894 637 992 linguam
659 918 798 966 versus.
818 893 950 983 Quod,
977 910 1013 966 et
1037 919 1081 967 ee

88 1036 165 1108 quer
180 1012 228 1083 de
235 1011 493 1109 pulmonibus,
500 1011 704 1099 intestinis,
719 1010 971 1085 etventriculo
982 997 1081 1084 dieta

90 1142 193 1217 sunt,
220 1129 251 1201 si
278 1125 449 1202 conferas
474 1126 560 1201 cum
583 1129 628 1201 iis
653 1153 735 1225 quae
760 1129 799 1201 in
822 1127 954 1200 iisdem
969 1128 1080 1226 perti·

88 1236 161 1315 bus
182 1245 434 1343 deprehendit
458 1245 579 1319 clerus
593 1244 803 1319 Kochlerus
827 1243 881 1342 (ι)
906 1267 993 1314 cum
1018 1269 1081 1342 ge·

89 1363 210 1435 nerosi
220 1364 292 1434 viri
305 1362 463 1437 cadaver
474 1362 675 1450 incideret,
685 1387 816 1459 quem,
826 1361 932 1455 nullo
942 1363 1081 1460 praevio

91 1464 207 1553 rabidi
221 1481 392 1553 animalis
408 1480 558 1568 morsu,
573 1470 839 1577 hydrophobia
859 1479 1080 1567 sustulerat;

90 1619 197 1692 quem
207 1598 307 1670 inter
315 1622 352 1671 se
360 1598 602 1684 conveniant,
611 1595 816 1673 miraberis.
827 1594 1082 1693 Ejusdemmo·

93 1711 128 1782 di
139 1713 447 1812 hydrophobiam
460 1716 500 1786 in
516 1716 634 1789 milite
645 1738 817 1811 quoque,
833 1727 871 1787 et
885 1712 932 1787 ab
949 1712 1081 1789 eadem

91 1844 237 1903 externa
257 1855 367 1904 eausa
383 1832 645 1908 observaverat
653 1831 721 1928 (α),
729 1855 868 1930 nempe
882 1854 904 1905 a
918 1828 1081 1928 frigidis·

92 1945 178 2018 simo
193 1964 309 2047 potu,
335 1973 422 2021 cum
437 1963 598 2046 uterque
612 1963 783 2049 estuaret
795 1948 889 2037 ;.sed
905 1948 1080 2036 militem,

92 2062 164 2136 aliis
194 2065 381 2141 distentus
414 2064 752 2163 occupationibus,
779 2054 965 2138 dissecare
999 2090 1080 2141 non

90 2163 268 2276 potuerit.
287 2183 343 2257 Ab
358 2184 489 2257 eodem
503 2199 629 2257 tamen
645 2206 756 2255 saissa
775 2180 1080 2281 hydrophobiem

92 2312 203 2371 ortam
213 2301 360 2373 viderat
373 2301 419 2372 cl.
436 2298 632 2374 Genselius
643 2299 717 2396 (3),
732 2300 800 2397 qui
813 2298 993 2375 rubentes
1002 2301 1083 2397 qui,

93 2411 170 2485 dem
186 2406 393 2514 pharyngis
406 2413 624 2504 musculos,
642 2414 903 2531 etglandulas,
920 2416 1081 2491 sedveri-

93 2530 267 2607 trioulum
279 2548 401 2607 totum
418 2534 525 2630 quasi
539 2534 786 2620 exsiccatum,
800 2532 946 2629 reliqua
955 2549 1081 2609 eutem

93 2648 246 2740 viscera,
262 2652 355 2725 etin
370 2650 429 2724 his
444 2650 665 2749 pulmones,
680 2646 840 2725 offendit
852 2665 952 2722 recte
961 2675 1002 2723 se
1015 2645 1081 2723 ha-

93 2761 220 2840 bentia.
239 2769 307 2838 Hie
324 2782 448 2841 eutem
464 2766 741 2865 hydrophobas
757 2769 827 2843 etsi
842 2767 889 2841 ad
907 2769 1000 2841 lucis
1010 2822 1022 2857 ,
1034 2769 1084 2841 al·

93 2879 300 2983 horumque
321 2886 525 2959 linteorum
548 2901 793 2983 conspectum
819 2884 1023 2971 tremebat,
1043 2903 1083 2959 et

92 2996 263 3076 humores
280 3002 470 3101 quoslibet
492 3028 540 3076 re
556 3003 722 3101 aspicere
743 3002 897 3101 quidem
914 3017 1080 3101 poteret3

94 3141 165 3190 non
179 3137 325 3210 tomen,
339 3135 382 3193 ut
395 3121 543 3219 priores
557 3120 613 3193 illi
633 3120 732 3209 duo,
748 3144 769 3193 a
785 3120 1006 3218 potionibus
1021 3121 1081 3194 vel
1127 3204 1131 3212 ,

94 3240 219 3329 procul
246 3237 400 3326 oblatis,
426 3253 491 3311 aut
513 3236 560 3309 ab
585 3236 721 3311 harum
746 3239 939 3313 mentione
967 3237 1081 3313 vehe-

94 3356 311 3430 mentissime
325 3355 622 3454 angebatur‚eut
631 3340 758 3429 animo
769 3353 972 3429 deficiebat,
990 3358 1081 3446 Quae

95 3465 226 3545 ideireo
240 3497 433 3576 memoro,
449 3488 493 3546 ut
508 3474 576 3570 qui
591 3474 631 3546 in
646 3473 691 3545 iis
696 3472 1081 3571 parhofflomomeom

61 3788 65 3792 -
130 3751 171 3830 (ι)
189 3760 349 3815 Commerc.
364 3756 434 3814 Litt.
447 3775 486 3813 en
500 3756 591 3827 1743,
603 3755 700 3813 Hebd.
713 3753 744 3826 5,
756 3774 787 3811 n.
800 3773 829 3811 α.

130 3849 170 3930 (2)
188 3858 225 3931 Iri
236 3857 301 3930 eoi
314 3858 476 3915 Commere.
492 3875 542 3914 an.
558 3861 649 3928 1740,
663 3856 758 3914 Hedb.
773 3854 828 3928 36,
842 3875 872 3912 n.
891 3874 917 3910 1.

131 3947 171 4030 (³)
190 3957 264 4034 sps.
281 3958 320 4014 rt.
333 3958 365 4014 c.
382 3957 467 4013 cent.
483 3957 520 4030 a,
541 3957 613 4015 oss.
629 3953 677 4014 50.
