2862 4668
449 444 769 495 rnmrtrro.
1066 412 1114 519 [1⁵9

106 573 167 621 tum
179 549 290 641 potui,
305 580 345 619 ne
366 563 526 631 abstrusis,
545 573 573 619 et
591 563 712 633 arduis,
733 561 785 618 sed
805 559 919 628 obviis,
931 561 1112 636 planisque,
1207 586 1212 591 ¹

104 680 200 738 neque
213 663 436 741 singularibus,
456 662 509 719 sed
526 664 587 720 fere
601 661 814 725 ,communibus
832 672 933 715 uterer
946 654 1115 734 explicandi

105 762 293 837 rationibus,
310 765 388 833 fere,
402 763 543 838 inquam,
560 762 810 820 communibuseo
820 770 956 834 tempore
969 752 1114 832 quo'scr'i-
1209 780 1212 783 *
1278 768 1284 783 ’

104 861 173 918 bere
184 862 299 937 incepi.
312 864 442 918 Multum
454 862 533 918 enim
543 861 606 935 jam
621 861 745 934 scriptio
760 870 966 937 processerat,
979 878 1047 915 rum
1064 853 1114 914 r'e2-

105 971 193 1033 pente
206 961 318 1038 agitari
329 974 432 1037 coepta·
440 971 510 1018 sunt
516 960 729 1018 controuersiae
740 952 891 1034 quaedam,
903 969 1029 1033 propter
1040 952 1117 1033 quae

107 1077 172 1115 cum
185 1061 347 1134 operosius
361 1061 464 1117 firisset
483 1061 594 1136 scripta
606 1073 735 1130 mutare,
755 1059 827 1116 satis
840 1059 921 1127 lore,
940 1058 1069 1128 credidi,
1090 1060 1117 1114 n

108 1153 197 1213 inhis
208 1177 279 1232 quae
296 1160 453 1216 scribenda
464 1172 654 1235 supererant,
669 1160 712 1216 ita
731 1178 778 1215 me
796 1176 957 1233 gererem,¹
969 1171 1003 1214 ut
1026 1176 1114 1215 nemo

107 1253 173 1328 jure
184 1259 335 1332 conqueri
350 1270 464 1334 posset,
478 1261 643 1334 praesertim
657 1278 724 1315 cum
734 1279 790 1334 per
800 1278 848 1317 me
861 1260 969 1332 auique
986 1268 1016 1314 et
1029 1271 1117 1330 tum,

108 1367 136 1411 et
146 1366 238 1412 antea
249 1369 351 1432 aperta
363 1359 481 1427 liceret,
494 1359 519 1415 si
530 1360 604 1434 quid
615 1360 692 1421 sorte
704 1361 803 1421 miuus
810 1360 952 1433 probaret
959 1399 968 1429 ,
985 1358 1017 1414 id
1029 1359 1117 1415 alitur

108 1456 259 1529 explicare
270 1456 310 1512 ad
321 1458 478 1514 arbitrium
495 1455 592 1515 suum.
605 1460 709 1533 Neque
720 1461 800 1515 enim
817 1459 1002 1532 praecipuum
1015 1460 1048 1514 in
1059 1460 1118 1515 hoc

109 1555 239 1610 vertitur
262 1558 453 1632 propositum
472 1576 590 1614 meum:
605 1574 722 1632 neque,
743 1559 768 1614 si
790 1544 948 1624 observatb
971 1561 1119 1634 excipias,

110 1632 193 1711 'aliud
207 1669 337 1731 praesto;
351 1651 464 1732 reliqua
479 1659 561 1718 haud
574 1676 658 1715 secus
670 1676 705 1714 ac
718 1659 743 1714 si
754 1677 772 1713 a
782 1678 829 1717 me
841 1676 902 1714 non
917 1663 1032 1728 essent,
1042 1652 1118 1734 pro*

110 1753 182 1812 bare
195 1758 300 1828 malim
313 1776 352 1814 an
368 1760 552 1834 improbare,
569 1756 665 1816 libens
677 1760 838 1835 permitto,
856 1760 968 1815 veritus
986 1760 1116 1834 alioqui,

112 1871 151 1910 ne
160 1874 230 1911 cum
243 1876 280 1912 ex
292 1859 432 1933 opinione
446 1857 680 1934 loquimumni
690 1860 862 1916 verisimilia
881 1861 1120 1934 sequamumli*

111 1955 180 2027 quis
194 1965 295 2013 tamen
307 1959 467 2033 aliquando
475 1961 580 2016 existat
594 1961 646 2033 qui
658 1960 690 2015 in
700 1978 756 2016 nos
768 1959 940 2032 intorqueat
953 1960 1029 2015 illud
1053 1961 1119 2015 Ho-'

113 2055 261 2112 merirum
280 2056 346 2133 (ι),
364 2060 452 2114 Dicit
474 2061 630 2115 mendacia
650 2062 757 2131 multa,
775 2062 873 2115 diceas
897 2061 975 2115 verit
998 2060 1118 2115 similior

114 2154 320 2223 Quamobrem
334 2176 430 2230 neque
447 2159 479 2213 in
492 2159 740 2232 explicationibus
753 2160 864 2214 multus
878 2159 938 2227 fui,
958 2159 1117 2215 libentius*

114 2271 172 2326 que
183 2254 323 2326 interjeci
334 2256 391 2312 alia
404 2258 443 2313 ad
455 2259 621 2314 faciendam
634 2259 811 2314 medicinam
824 2259 1000 2333 spectantia,
1012 2259 1070 2315 alia
1082 2258 1121 2313 ad

115 2349 177 2423 ejus
190 2395 199 2422 ,
215 2354 276 2409 alia
288 2355 327 2410 ad
337 2368 488 2413 anatomes
500 2357 667 2429 historiam,
686 2354 744 2413 alia
756 2358 884 2431 denique
896 2358 935 2413 ad
950 2358 1009 2413 alia
1020 2358 1119 2415 studia

116 2450 194 2508 illius
206 2454 247 2510 ad
257 2474 346 2528 quem
358 2458 535 2528 scriberem,
549 2457 668 2531 juvenis
679 2454 859 2526 attinentia,
878 2469 911 2513 ut
931 2452 981 2514 vel
996 2459 1037 2514 sic
1054 2457 1121 2530 ejus
1182 2528 1186 2535 x

118 2553 251 2609 animum
268 2556 420 2632 paulisper
430 2559 607 2616 abducerem
621 2560 659 2614 ab
671 2556 796 2614 horrida
812 2559 1002 2628 morborum,
1020 2570 1051 2614 et
1067 2572 1122 2614 ce-

118 2650 259 2719 dflvefflm
275 2668 419 2733 perpetua
433 2660 617 2717 tractatione.
633 2662 706 2729 Quae
723 2658 823 2715 omnia
838 2659 865 2713 si
880 2659 975 2732 probe
990 2674 1122 2732 perpen-

121 2749 216 2825 deris,
234 2767 263 2811 ct
272 2757 310 2813 ab
324 2738 442 2815 scholiis
457 2760 640 2832 sejunxeris,
656 2759 742 2815 facile
748 2758 909 2834 intelliges,
922 2772 988 2832 quae
1000 2759 1124 2833 proprie

122 2852 238 2912 adhaec
255 2859 440 2930 pertineant,
457 2859 531 2916 adeo
550 2861 642 2915 multa
662 2874 724 2915 non
741 2874 803 2915 esse
816 2878 822 2911 :
836 2870 887 2913 aut
906 2847 931 2912 ai
949 2870 1130 2915 tamenesse

125 2956 237 3026 multa,
257 2958 421 3031 existimem
441 2961 488 3016 fac
500 2979 567 3017 meo
581 2976 644 3017 non
660 2970 782 3036 gravate
799 2956 948 3031 relinquas
966 2960 1061 3014 Latio
1069 2998 1079 3026 ,
1097 2969 1128 3015 et

122 3053 163 3109 tic
181 3057 310 3132 cogites,
328 3059 395 3133 illa,
416 3071 505 3134 atque
522 3061 580 3121 alia
597 3080 664 3136 quae
677 3060 731 3116 tibi
746 3056 936 3134 displiceant,
951 3078 984 3114 ea
1002 3060 1132 3118 fortasse

121 3150 193 3209 mihi
208 3173 333 3233 quoque
344 3175 425 3217 nunc
438 3160 611 3235 displicere,
629 3161 681 3217 sed
691 3178 727 3216 ea
738 3161 803 3234 ipsa
813 3176 892 3230 esse,
905 3176 971 3233 quae
982 3177 1019 3214 ne
1029 3159 1127 3217 deme-

120 3269 199 3325 rem,
216 3255 281 3330 ipse
292 3277 339 3312 me
355 3258 522 3351 obstrinxit.
577 3273 592 3303 ’κ

164 3381 213 3443 14.
224 3379 391 3453 Antequam
403 3380 439 3435 de
447 3380 594 3437 indicibus
605 3380 727 3453 adjectis
736 3381 843 3449 dicam,
849 3382 912 3447 noli
920 3392 1084 3455 expectare,
1093 3393 1128 3438 ut
1187 3355 1189 3359 η
1227 3377 1229 3382 ’

119 3472 166 3530 hic
182 3477 319 3550 quaedam
331 3478 435 3536 iterem
446 3500 511 3555 quae
522 3480 554 3536 in
565 3481 738 3555 praefatione
745 3482 832 3555 posui
845 3482 882 3536 ad
893 3482 1040 3554 Epistolas
1053 3500 1123 3537 ana-

121 3575 255 3633 tunicas.
269 3579 346 3635 Satis
357 3580 400 3636 ibi
416 3579 461 3657 (a)
477 3580 591 3638 dictum
608 3592 651 3637 est
662 3581 742 3639 unde
755 3599 856 3639 omnes
869 3581 1050 3657 intelligant,
1068 3602 1123 3664 cur

128 3773 1119 3802 mm

156 3896 195 3965 (t)
213 3897 315 3970 Odyss.
331 3899 350 3950 Ι.
367 3917 409 3968 ¹9·
473 3884 485 3903 ⁸

153 3987 190 4056 (2)
207 3988 242 4041 N.
261 4007 274 4042 r
290 4000 388 4061 etseq.

194 4105 225 4155 1·
