2782 4668
321 455 391 538 [ilis
487 474 534 521 nr
560 473 706 523 sturnus
729 475 774 522 rr
798 473 923 522 crusis
947 473 1159 521 uoruonuu

319 601 378 658 ter
394 601 629 672 semortuos,
644 612 757 685 quarn
767 590 944 662 viventes.
956 591 1054 660 Dum
1069 587 1321 675 enimvirunt,

324 717 424 775 certe
436 704 474 774 in
487 729 533 775 eo
557 705 1145 802 conveniuntomnes,utaquam
1164 705 1247 776 siue
1262 701 1323 775 dit

323 814 508 908 ficultate,
531 834 569 891 et
585 818 758 917 plerique
773 822 852 892 sine
866 845 1004 919 magno
1018 822 1131 893 etiem
1150 820 1326 907 horrore,

322 950 359 1006 et
374 936 599 1008 detrimento
617 950 748 1034 potare
760 953 959 1035 nequeant.
977 940 1059 1028 Qua
1069 953 1200 1009 autern
1216 961 1323 1035 pecu·

321 1051 403 1123 lieri
420 1054 457 1122 in
473 1078 513 1125 re
523 1055 650 1124 omnia
661 1053 981 1127 cadaveraeorum
992 1056 1321 1141 conveniant,non

319 1169 440 1242 video.
459 1172 552 1241 Nam
571 1167 675 1267 quod
692 1168 801 1257 olim,
819 1185 856 1243 et
874 1196 976 1242 nunc
994 1197 1149 1269 qnoque
1169 1196 1190 1242 a
1211 1172 1321 1269 pluri·

318 1285 393 1358 bus
406 1286 559 1359 evidens
575 1287 720 1359 siccitas
731 1288 770 1357 in
782 1288 827 1358 iis
836 1289 993 1385 reperiri
1006 1287 1226 1376 dicebatur3
1243 1310 1319 1386 pro·

320 1400 419 1477 fecto
437 1429 559 1501 neque
573 1404 762 1501 reperitur
776 1404 815 1474 in
829 1404 1029 1491 omnibus;
1042 1429 1115 1476 nec
1129 1407 1172 1475 in
1188 1404 1321 1503 quibus

320 1523 530 1618 reperitur,
549 1517 703 1593 fortasse
720 1520 815 1592 adeo
825 1520 1052 1592 attendenda
1069 1535 1145 1608 est,
1165 1546 1256 1593 curn
1268 1545 1317 1592 re·

317 1637 451 1710 mediis
466 1640 592 1736 potius
607 1638 674 1725 sit,
685 1637 810 1711 aliisve
829 1639 950 1710 causis
962 1636 1062 1709 baud
1072 1662 1162 1708 raro
1175 1652 1318 1736 accepta

317 1751 513 1827 referenda
522 1808 531 1841 ,
541 1779 624 1851 quae¹
635 1777 790 1851 magnas
801 1755 1063 1826 evacuatiuues
1076 1769 1142 1825 aut
1156 1753 1232 1826 sub
1245 1777 1319 1825 seu·

319 1895 400 1943 sum
420 1870 611 1958 cadentes,
626 1885 691 1942 aut
704 1870 826 1959 hunc,
850 1885 893 1943 ut
910 1872 1062 1969 sepius,
1080 1868 1320 1969 effugientes,

318 1986 506 2061 fecerunt:
526 2013 603 2086 qno
622 1989 738 2060 innita
759 2003 929 2087 spectant
945 1986 1270 2086 alexipharmaca,
1287 2000 1318 2058 et

318 2120 434 2179 acutae
443 2104 642 2178 baudraro
659 2104 804 2194 febres,
821 2120 858 2178 et
867 2104 1004 2179 assidui
1016 2129 1112 2204 saepe
1130 2106 1319 2195 clamores,

316 2241 353 2298 et
366 2227 537 2299 violenta
555 2229 726 2326 corporis
747 2229 986 2326 agitationes,
1008 2229 1221 2327 praesertim
1240 2251 1317 2299 cum

316 2358 379 2415 aut
393 2343 505 2430 nihil,
520 2361 583 2417 aut
600 2345 799 2416 minimum
810 2344 982 2445 bibatur,
999 2343 1256 2442 quamobrem
1272 2345 1318 2416 ri·

314 2460 403 2535 dere
420 2463 574 2559 potuisti
588 2463 628 2532 in
644 2485 733 2533 sene
757 2461 824 2533 illo
837 2461 893 2557 (ι)
910 2462 977 2558 qui
1000 2477 1037 2534 et
1052 2460 1233 2551 bibebat,
1255 2480 1318 2536 nec
1380 2558 1381 2563 ἵ

314 2580 485 2651 maniaco
501 2579 711 2678 agitabatur
722 2578 949 2668 furore,sed
962 2579 1245 2652 melancholico
1255 2605 1316 2679 po·
1380 2566 1381 2575 ἶ

314 2699 388 2770 tius
411 2722 550 2795 pavore
574 2696 833 2784 detinebatur,
861 2722 942 2769 non
968 2694 1085 2769 modo
1115 2697 1314 2771 siccitatem

304 2792 455 2887 'nuttam
483 2812 614 2904 fuisse,
645 2813 709 2887 sed
739 2828 776 2887 et
800 2813 1073 2914 pericardium‚
1101 2828 1141 2885 et
1176 2814 1313 2889 cerebri

312 2932 541 3005 ventriculos
566 2956 646 3003 non
673 2954 808 3030 parum
837 2955 943 3028 aquae
971 2930 1311 3004 continuissent
1378 3016 1379 3021 Ἰ

311 3073 402 3122 vero
416 3051 533 3148 magis
549 3072 663 3145 quarn
681 3046 833 3120 ariditas
845 3047 931 3137 illa,
953 3064 1157 3120 commune
1177 3063 1236 3121 est
1252 3047 1309 3144 hy·
1378 3048 1379 3053 ’

209 3224 212 3228 .
312 3165 520 3265 drophnbis
528 3168 675 3238 cunctis
684 3165 891 3263 quidquam
900 3190 1147 3263 eorumque
1155 3164 1308 3241 secundo
1377 3260 1378 3263 Ἴ

293 3282 987 3382 'diximusessedeprehensa.Itaenim
1003 3282 1307 3368 inabisaliasunt,
1377 3268 1378 3305 ¹

183 3483 187 3490 ,
313 3416 355 3473 ut
365 3401 395 3473 si
410 3414 554 3498 spectes
567 3399 864 3496 singulos,v'eras
873 3423 953 3472 esse
964 3398 1096 3490 credas
1107 3424 1189 3471 nou
1203 3397 1304 3470 modo
1376 3466 1377 3509 ᾗ

311 3518 475 3615 singulas
494 3541 587 3614 quas
602 3516 649 3590 de
666 3515 778 3613 hujus
785 3517 911 3589 morbi
924 3516 1034 3605 sede,
1053 3531 1093 3589 et
1102 3520 1303 3589 naturaCe
1376 3512 1377 3527 ¹

308 3636 379 3708 lius
388 3633 444 3732 (a)
454 3634 661 3723 recensuit,
677 3637 931 3732 Antiquarum
951 3634 1180 3723 sententias,
1197 3633 1259 3709 sed
1271 3644 1301 3704 et

312 3958 318 3967 ,
342 3918 387 3997 (r)
408 3919 524 3993 Supra,
542 3938 573 3974 n.
589 3935 636 3989 ²7·

344 4018 388 4095 (a)
408 4022 496 4077 Acut.
513 4018 612 4075 Morb.
627 4018 648 4073 l.
662 4017 697 4088 3,
712 4035 738 4072 e.
752 4023 800 4083 14.
