2774 4670
181 420 250 491 rm
281 420 306 467 1.
335 417 861 481 numerumnunerum
890 419 938 464 tx.
991 390 1061 490 495

92 537 222 630 Caput
239 531 316 602 nob
324 532 355 603 is
372 530 635 603 dissecandum
661 532 769 605 cessit
783 555 873 601 cum
895 532 934 601 in
958 555 1061 627 gym-

39 650 161 723 nasio
171 664 377 751 anatomen
393 649 618 723 doceremus
630 672 759 721 mense
773 642 962 721 februario
972 650 1064 719 anui
1096 650 1099 655 ’

29 767 162 869 11728.
189 766 315 839 Cranii
343 764 486 853 fornix,
511 765 541 836 si
565 751 648 837 loca
665 764 836 861 quadam
854 765 1063 861 exciperes,
1145 751 1148 757 ⁵
1180 760 1184 769 ’

41 887 89 957 in
121 883 265 980 quibus
293 881 502 960 secundum
531 895 703 955 naturam
732 905 893 968 crassus,
923 883 1062 957 intror-

41 1020 142 1079 sum
162 999 448 1098 protuberabat,
475 997 618 1095 ubique
647 1013 725 1068 erat
750 1022 869 1094 usque
897 997 992 1073 adeo
1009 1013 1063 1073 te·

44 1120 163 1205 nuis,
184 1133 225 1189 ut
250 1115 443 1217 credinvix
465 1130 600 1212 posset.
639 1116 740 1204 Quin
769 1130 871 1187 certo
906 1117 946 1187 iu
976 1116 1063 1191 loco

42 1233 190 1334 qui}ad
220 1258 262 1307 os
286 1233 468 1309 attinebat
500 1234 681 1330 sincipitis
710 1232 927 1322 dexterum,
961 1231 1060 1308 fora-

47 1372 150 1429 men
177 1351 309 1425 habuit
340 1351 483 1449 ellipsis
507 1350 787 1449 propemodum
817 1348 955 1439 torma,
971 1375 1063 1449 pau-

45 1473 90 1546 lo
117 1471 247 1543 minus
269 1494 383 1566 quam
400 1484 442 1539 ut
461 1470 606 1566 apicem
630 1467 844 1543 admitteret
867 1468 973 1565 digiti
994 1469 1065 1541 mi-

48 1590 177 1677 nimi,
205 1586 424 1667 membrana
447 1587 662 1673 occlusum,
691 1586 797 1660 nullo
821 1610 977 1683 prorsus
1002 1602 1066 1671 aut

49 1707 108 1778 ad
145 1706 227 1801 ejus
253 1729 358 1794 orae,
388 1719 453 1779 aut
484 1728 645 1801 usquam
677 1706 718 1781 iu
744 1705 872 1777 crauio
899 1720 981 1780 toto
1006 1704 1066 1779 rel

54 1825 226 1903 minimo
254 1823 365 1897 cariei
384 1822 535 1899 iudicio.
556 1823 598 1895 Ei
615 1838 741 1895 tamen
762 1823 870 1897 itaut
887 1822 986 1910 dixi,
1004 1846 1068 1893 oc-

55 1944 173 2019 cluso
195 1938 412 2028 foramini,
404 1965 444 2013 in
469 1939 638 2036 subjecta
662 1939 755 2017 dum
774 1941 949 2038 meninge
968 1940 1067 2013 iore·

52 2060 251 2139 minulum
268 2057 539 2156 respondebat,
553 2083 598 2137 ex
610 2083 689 2155 quo
706 2083 832 2133 serum
846 2059 974 2134 colore
990 2057 1067 2133 fus-

59 2204 112 2259 co
137 2175 323 2275 prodibat
351 2176 631 2254 Foraminulum
651 2144 989 2251 communicabat
981 2202 1068 2249 cum

56 2320 197 2383 eavea,
223 2296 349 2392 magui
376 2295 438 2367 ovi
464 2318 622 2391 capace,
648 2293 836 2391 plenaque
860 2319 945 2369 sero
969 2296 1069 2390 ejus·

58 2413 174 2491 modi
189 2409 312 2500 fusco,
331 2413 371 2485 iu
388 2437 465 2508 quo
482 2413 633 2510 sanguis
651 2418 867 2498 concretus,
880 2436 959 2483 uon
972 2412 1071 2485 mul-

60 2547 145 2618 tus,
166 2527 392 2603 subsidebat.
411 2533 556 2603 Erat'ea
568 2550 678 2603 cavea
690 2526 864 2601 abnormi
881 2525 1017 2616 forma,
1034 2544 1071 2601 et

62 2645 247 2743 inaequali
261 2647 364 2719 intus
381 2638 595 2741 superficie,
613 2644 674 2719 cui
690 2668 771 2739 quae
788 2642 912 2740 partei
926 2644 1072 2723 cerebri

62 2766 214 2845 circum
234 2762 414 2858 proxime
429 2775 554 2847 crant,
574 2783 623 2833 ee
637 2784 753 2856 pravo
771 2758 916 2848 colore,
932 2762 999 2857 qui
1015 2786 1072 2833 so·

64 2881 344 2976 micorruptam
359 2876 604 2957 substantiam
623 2874 822 2964 indiceret,
842 2874 1073 2953 fuscoobao-

64 2998 147 3075 leto
165 2994 449 3082 inficiebantur,
474 2994 682 3093 prasertim
701 3018 793 3069 vero
808 2993 907 3069 basis
927 2995 1072 3070 cerebri

37 3112 39 3117 ’
66 3139 115 3193 ea
132 3137 218 3210 pars
236 3136 319 3211 que
331 3114 478 3211 regioni
496 3113 696 3210 posteriori
714 3112 887 3210 imposita
903 3128 959 3187 est
973 3113 1073 3186 erbi-

67 3246 116 3311 tae
135 3229 316 3319 dextera,
334 3247 371 3306 ct
387 3231 560 3328 corporis
577 3230 695 3307 striati
710 3230 801 3305 item
824 3224 1074 3328 dexteripars

65 3349 255 3437 anterior,
274 3375 357 3446 qun
380 3350 537 3447 insuper
561 3347 785 3425 subsidebat.
813 3347 945 3422 Sedet
969 3349 1075 3422 nervi

69 3466 191 3564 optici
201 3466 370 3561 ejusdem
387 3467 511 3543 lateris
525 3465 737 3553 thalamus,
749 3467 920 3563 quamvis
932 3491 952 3537 a
965 3490 1075 3538 eavea

70 3585 266 3672 remotior²
274 3584 456 3681 strigosus
467 3582 675 3655 videbatur.
686 3587 832 3664 Nervus
844 3599 969 3663 tamen
981 3598 1079 3661 utor·
1178 3652 1180 3656 Α

72 3725 151 3797 que
173 3702 338 3798 opticus,
357 3703 659 3790 intracranium,
680 3715 857 3805 extraque
871 3703 1077 3803 inspectuS,

73 3819 132 3890 uti
149 3820 261 3889 etiam
278 3819 475 3916 utriusque
499 3819 599 3890 oculi
618 3819 824 3917 particula,
847 3819 1081 3916 diligentera
1205 3908 1207 3917 A

73 3959 137 4007 me
154 3934 333 4021 dissectae,
348 3935 443 4013 nihil
459 3961 621 4035 usquam
631 3938 713 4014 vitii
728 3937 832 4036 quod
847 3935 1000 4042 quidem
1011 3933 1096 4009 sub‘
1123 3925 1125 3932 ⁴
