<?xml version="1.0" encoding="UTF-8"?>
<!DOCTYPE html PUBLIC "-//W3C//DTD XHTML 1.0 Transitional//EN"
    "http://www.w3.org/TR/xhtml1/DTD/xhtml1-transitional.dtd">
<html xmlns="http://www.w3.org/1999/xhtml" xml:lang="en" lang="en">
 <head>
  <title>
</title>
<meta http-equiv="Content-Type" content="text/html;charset=utf-8" />
  <meta name='ocr-system' content='tesseract 3.04.00' />
  <meta name='ocr-capabilities' content='ocr_page ocr_carea ocr_par ocr_line ocrx_word'/>
</head>
<body>
  <div class='ocr_page' id='page_1' title='image "./desedibusetcaus06adelgoog_0318.png"; bbox 0 0 2780 4666; ppageno 0'>
   <div class='ocr_carea' id='block_1_1' title="bbox 197 378 1073 477">
    <p class='ocr_par' dir='ltr' id='par_1_1' title="bbox 197 378 1073 477">
     <span class='ocr_line' id='line_1_1' title="bbox 197 378 1073 477; baseline -0.002 -13"><span class='ocrx_word' id='word_1_1' title='bbox 197 378 277 464; x_wconf 51' lang='lat' dir='ltr'><strong>,Lm</strong></span> <span class='ocrx_word' id='word_1_2' title='bbox 305 418 329 461; x_wconf 88' lang='lat' dir='ltr'><strong>r.</strong></span> <span class='ocrx_word' id='word_1_3' title='bbox 357 417 403 461; x_wconf 80' lang='lat' dir='ltr'><strong>nr</strong></span> <span class='ocrx_word' id='word_1_4' title='bbox 429 412 563 460; x_wconf 82' lang='lat' dir='ltr'><strong>noarrs</strong></span> <span class='ocrx_word' id='word_1_5' title='bbox 588 413 742 477; x_wconf 73' lang='lat' dir='ltr'><strong>carrns,</strong></span> <span class='ocrx_word' id='word_1_6' title='bbox 768 412 877 460; x_wconf 79' lang='lat' dir='ltr'><strong>rrrsr.</strong></span> <span class='ocrx_word' id='word_1_7' title='bbox 904 413 938 458; x_wconf 88' lang='lat' dir='ltr'><strong>v.</strong></span> <span class='ocrx_word' id='word_1_8' title='bbox 1004 389 1073 462; x_wconf 79' lang='lat'><strong>305</strong></span> 
     </span>
    </p>
   </div>
   <div class='ocr_carea' id='block_1_2' title="bbox 36 525 1145 2603">
    <p class='ocr_par' dir='ltr' id='par_1_2' title="bbox 36 525 1145 2376">
     <span class='ocr_line' id='line_1_2' title="bbox 98 525 1078 626; baseline -0.001 -27"><span class='ocrx_word' id='word_1_9' title='bbox 98 528 199 617; x_wconf 87' lang='lat' dir='ltr'><strong>disse,</strong></span> <span class='ocrx_word' id='word_1_10' title='bbox 216 530 283 626; x_wconf 87' lang='lat' dir='ltr'><strong>qui</strong></span> <span class='ocrx_word' id='word_1_11' title='bbox 301 530 431 600; x_wconf 84' lang='lat' dir='ltr'><strong>r&#39;evera</strong></span> <span class='ocrx_word' id='word_1_12' title='bbox 447 551 595 624; x_wconf 83' lang='lat' dir='ltr'>semper</span> <span class='ocrx_word' id='word_1_13' title='bbox 608 525 763 624; x_wconf 82' lang='lat' dir='ltr'><strong>frigidus</strong></span> <span class='ocrx_word' id='word_1_14' title='bbox 785 542 858 613; x_wconf 87' lang='lat' dir='ltr'><strong>est,</strong></span> <span class='ocrx_word' id='word_1_15' title='bbox 882 551 957 617; x_wconf 90' lang='lat' dir='ltr'><strong>nec·</strong></span> <span class='ocrx_word' id='word_1_16' title='bbox 971 551 1078 599; x_wconf 90' lang='lat' dir='ltr'><strong>secus</strong></span> 
     </span>
     <span class='ocr_line' id='line_1_3' title="bbox 99 637 1075 742; baseline -0.002 -26"><span class='ocrx_word' id='word_1_17' title='bbox 99 671 200 742; x_wconf 87' lang='lat' dir='ltr'><strong>quarn</strong></span> <span class='ocrx_word' id='word_1_18' title='bbox 215 660 434 718; x_wconf 62' lang='lat' dir='ltr'><strong>caeterorum</strong></span> <span class='ocrx_word' id='word_1_19' title='bbox 446 643 661 741; x_wconf 87' lang='lat' dir='ltr'><strong>animalium</strong></span> <span class='ocrx_word' id='word_1_20' title='bbox 677 637 843 739; x_wconf 84' lang='lat' dir='ltr'><strong>sanguis,</strong></span> <span class='ocrx_word' id='word_1_21' title='bbox 860 646 1075 715; x_wconf 85' lang='lat' dir='ltr'><strong>concrescit.</strong></span> 
     </span>
     <span class='ocr_line' id='line_1_4' title="bbox 98 760 1079 851; baseline 0.001 -19"><span class='ocrx_word' id='word_1_22' title='bbox 98 762 165 835; x_wconf 88' lang='lat' dir='ltr'><strong>Nos</strong></span> <span class='ocrx_word' id='word_1_23' title='bbox 176 775 273 851; x_wconf 79' lang='lat' dir='ltr'><strong>certe</strong></span> <span class='ocrx_word' id='word_1_24' title='bbox 289 776 334 833; x_wconf 89' lang='lat' dir='ltr'><strong>ut</strong></span> <span class='ocrx_word' id='word_1_25' title='bbox 350 763 389 831; x_wconf 90' lang='lat' dir='ltr'><strong>in</strong></span> <span class='ocrx_word' id='word_1_26' title='bbox 404 761 567 848; x_wconf 87' lang='lat' dir='ltr'><strong>marina,</strong></span> <span class='ocrx_word' id='word_1_27' title='bbox 584 762 688 831; x_wconf 90' lang='lat' dir='ltr'><strong>sicin</strong></span> <span class='ocrx_word' id='word_1_28' title='bbox 703 762 870 831; x_wconf 81' lang='lat' dir='ltr'>terrestri</span> <span class='ocrx_word' id='word_1_29' title='bbox 885 784 945 833; x_wconf 89' lang='lat' dir='ltr'><strong>eas</strong></span> <span class='ocrx_word' id='word_1_30' title='bbox 958 760 1079 833; x_wconf 91' lang='lat' dir='ltr'><strong>bullas</strong></span> 
     </span>
     <span class='ocr_line' id='line_1_5' title="bbox 99 854 1081 977; baseline -0.001 -29"><span class='ocrx_word' id='word_1_31' title='bbox 99 880 369 977; x_wconf 85' lang='lat' dir='ltr'><strong>conspeximus:</strong></span> <span class='ocrx_word' id='word_1_32' title='bbox 385 893 563 976; x_wconf 74' lang='lat' dir='ltr'><strong>praeterea</strong></span> <span class='ocrx_word' id='word_1_33' title='bbox 576 891 613 947; x_wconf 96' lang='lat' dir='ltr'><strong>et</strong></span> <span class='ocrx_word' id='word_1_34' title='bbox 623 874 662 946; x_wconf 84' lang='lat' dir='ltr'><strong>in</strong></span> <span class='ocrx_word' id='word_1_35' title='bbox 673 877 811 973; x_wconf 89' lang='lat' dir='ltr'>viperis</span> <span class='ocrx_word' id='word_1_36' title='bbox 823 877 958 948; x_wconf 89' lang='lat' dir='ltr'><strong>multas</strong></span> <span class='ocrx_word' id='word_1_37' title='bbox 968 932 978 964; x_wconf 94' lang='lat'><strong>,</strong></span> <span class='ocrx_word' id='word_1_38' title='bbox 988 854 1081 948; x_wconf 56' lang='lat' dir='ltr'><strong>&#39;etin</strong></span> 
     </span>
     <span class='ocr_line' id='line_1_6' title="bbox 100 993 1081 1095; baseline 0.002 -32"><span class='ocrx_word' id='word_1_39' title='bbox 100 996 231 1067; x_wconf 86' lang='lat' dir='ltr'><strong>variolo</strong></span> <span class='ocrx_word' id='word_1_40' title='bbox 242 998 368 1095; x_wconf 90' lang='lat' dir='ltr'><strong>pisce,</strong></span> <span class='ocrx_word' id='word_1_41' title='bbox 384 1009 420 1067; x_wconf 88' lang='lat' dir='ltr'><strong>et</strong></span> <span class='ocrx_word' id='word_1_42' title='bbox 434 996 473 1064; x_wconf 91' lang='lat' dir='ltr'><strong>in</strong></span> <span class='ocrx_word' id='word_1_43' title='bbox 488 993 729 1093; x_wconf 84' lang='lat' dir='ltr'><strong>carpionibns</strong></span> <span class='ocrx_word' id='word_1_44' title='bbox 742 1018 787 1064; x_wconf 87' lang='lat' dir='ltr'><strong>ex</strong></span> <span class='ocrx_word' id='word_1_45' title='bbox 799 998 943 1069; x_wconf 87' lang='lat' dir='ltr'><strong>Benaco</strong></span> <span class='ocrx_word' id='word_1_46' title='bbox 957 1048 967 1081; x_wconf 94' lang='lat'><strong>,</strong></span> <span class='ocrx_word' id='word_1_47' title='bbox 986 997 1081 1065; x_wconf 91' lang='lat' dir='ltr'><strong>utin</strong></span> 
     </span>
     <span class='ocr_line' id='line_1_7' title="bbox 36 1108 1084 1206; baseline -0.002 -24"><span class='ocrx_word' id='word_1_48' title='bbox 36 1148 44 1157; x_wconf 68' lang='lat'><strong>,</strong></span> <span class='ocrx_word' id='word_1_49' title='bbox 75 1200 76 1203; x_wconf 8' lang='grc' dir='ltr'><strong>Ἴ</strong></span> <span class='ocrx_word' id='word_1_50' title='bbox 102 1113 261 1190; x_wconf 85' lang='lat' dir='ltr'><strong>erinaceo</strong></span> <span class='ocrx_word' id='word_1_51' title='bbox 278 1112 444 1183; x_wconf 85' lang='lat' dir='ltr'><strong>terrestri</strong></span> <span class='ocrx_word' id='word_1_52' title='bbox 459 1110 647 1181; x_wconf 88' lang='lat' dir='ltr'><strong>Lancisius</strong></span> <span class='ocrx_word' id='word_1_53' title='bbox 669 1108 736 1206; x_wconf 85' lang='lat'><strong>(1),</strong></span> <span class='ocrx_word' id='word_1_54' title='bbox 759 1135 841 1206; x_wconf 86' lang='lat' dir='ltr'><strong>quae</strong></span> <span class='ocrx_word' id='word_1_55' title='bbox 867 1111 1084 1181; x_wconf 86' lang='lat' dir='ltr'><strong>animalium</strong></span> 
     </span>
     <span class='ocr_line' id='line_1_8' title="bbox 102 1210 1083 1326; baseline 0.001 -28"><span class='ocrx_word' id='word_1_56' title='bbox 102 1213 295 1323; x_wconf 82' lang='lat' dir='ltr'><strong>genera,et</strong></span> <span class='ocrx_word' id='word_1_57' title='bbox 307 1230 525 1326; x_wconf 86' lang='lat' dir='ltr'><strong>sanguinem</strong></span> <span class='ocrx_word' id='word_1_58' title='bbox 532 1227 673 1300; x_wconf 82' lang='lat' dir='ltr'><strong>habent</strong></span> <span class='ocrx_word' id='word_1_59' title='bbox 683 1226 858 1326; x_wconf 81' lang='lat' dir='ltr'><strong>frigidum</strong></span> <span class='ocrx_word' id='word_1_60' title='bbox 871 1283 880 1314; x_wconf 88' lang='lat'><strong>‚</strong></span> <span class='ocrx_word' id='word_1_61' title='bbox 894 1210 1083 1311; x_wconf 77' lang='lat' dir='ltr'><strong>etinctum</strong></span> 
     </span>
     <span class='ocr_line' id='line_1_9' title="bbox 104 1329 1085 1445; baseline 0.002 -31"><span class='ocrx_word' id='word_1_62' title='bbox 104 1344 216 1437; x_wconf 86' lang='lat' dir='ltr'><strong>cordis</strong></span> <span class='ocrx_word' id='word_1_63' title='bbox 244 1343 361 1419; x_wconf 88' lang='lat' dir='ltr'><strong>ferme</strong></span> <span class='ocrx_word' id='word_1_64' title='bbox 379 1329 523 1419; x_wconf 78' lang='lat' dir='ltr'><strong>omnia</strong></span> <span class='ocrx_word' id='word_1_65' title='bbox 541 1346 840 1445; x_wconf 79' lang='lat' dir='ltr'><strong>pertinaciorem.</strong></span> <span class='ocrx_word' id='word_1_66' title='bbox 868 1346 1085 1443; x_wconf 86' lang='lat' dir='ltr'><strong>Eodemque</strong></span> 
     </span>
     <span class='ocr_line' id='line_1_10' title="bbox 104 1456 1086 1560; baseline 0.003 -33"><span class='ocrx_word' id='word_1_67' title='bbox 104 1456 244 1533; x_wconf 87' lang='lat' dir='ltr'><strong>fortasse</strong></span> <span class='ocrx_word' id='word_1_68' title='bbox 265 1475 406 1560; x_wconf 81' lang='lat' dir='ltr'><strong>spectat</strong></span> <span class='ocrx_word' id='word_1_69' title='bbox 424 1460 528 1558; x_wconf 90' lang='lat' dir='ltr'><strong>quod</strong></span> <span class='ocrx_word' id='word_1_70' title='bbox 552 1461 664 1558; x_wconf 81' lang='lat' dir='ltr'><strong>¹paulo</strong></span> <span class='ocrx_word' id='word_1_71' title='bbox 687 1476 773 1532; x_wconf 90' lang='lat' dir='ltr'><strong>ante</strong></span> <span class='ocrx_word' id='word_1_72' title='bbox 792 1460 846 1557; x_wconf 70' lang='grc' dir='ltr'><strong>(α)</strong></span> <span class='ocrx_word' id='word_1_73' title='bbox 866 1461 1086 1533; x_wconf 87' lang='lat' dir='ltr'><strong>adnotatum.</strong></span> 
     </span>
     <span class='ocr_line' id='line_1_11' title="bbox 103 1575 1110 1676; baseline 0.001 -30"><span class='ocrx_word' id='word_1_74' title='bbox 103 1591 166 1665; x_wconf 87' lang='lat' dir='ltr'><strong>est,</strong></span> <span class='ocrx_word' id='word_1_75' title='bbox 191 1581 345 1658; x_wconf 72' lang='lat' dir='ltr'><strong>ovinum</strong></span> <span class='ocrx_word' id='word_1_76' title='bbox 370 1602 506 1676; x_wconf 85' lang='lat' dir='ltr'><strong>genus,</strong></span> <span class='ocrx_word' id='word_1_77' title='bbox 528 1593 571 1649; x_wconf 92' lang='lat' dir='ltr'><strong>ut</strong></span> <span class='ocrx_word' id='word_1_78' title='bbox 596 1578 730 1647; x_wconf 85' lang='lat' dir='ltr'><strong>canino</strong></span> <span class='ocrx_word' id='word_1_79' title='bbox 752 1575 921 1674; x_wconf 82' lang='lat' dir='ltr'><strong>frigidius</strong></span> <span class='ocrx_word' id='word_1_80' title='bbox 943 1592 1018 1665; x_wconf 90' lang='lat' dir='ltr'><strong>est,</strong></span> <span class='ocrx_word' id='word_1_81' title='bbox 1033 1578 1110 1674; x_wconf 83' lang='lat' dir='ltr'><strong>ita</strong></span> 
     </span>
     <span class='ocr_line' id='line_1_12' title="bbox 62 1690 1145 1789; baseline -0.006 -22"><span class='ocrx_word' id='word_1_82' title='bbox 62 1702 65 1711; x_wconf 80' lang='grc'><em>’</em></span> <span class='ocrx_word' id='word_1_83' title='bbox 105 1693 217 1769; x_wconf 81' lang='lat' dir='ltr'><strong>ninus</strong></span> <span class='ocrx_word' id='word_1_84' title='bbox 239 1695 289 1786; x_wconf 87' lang='lat' dir='ltr'><strong>ab</strong></span> <span class='ocrx_word' id='word_1_85' title='bbox 313 1695 451 1789; x_wconf 80' lang='lat' dir='ltr'><strong>injecto</strong></span> <span class='ocrx_word' id='word_1_86' title='bbox 469 1696 509 1764; x_wconf 84' lang='lat' dir='ltr'><strong>in</strong></span> <span class='ocrx_word' id='word_1_87' title='bbox 528 1716 643 1763; x_wconf 85' lang='lat' dir='ltr'><strong>venas</strong></span> <span class='ocrx_word' id='word_1_88' title='bbox 661 1715 750 1763; x_wconf 86' lang='lat' dir='ltr'><strong>aere·</strong></span> <span class='ocrx_word' id='word_1_89' title='bbox 764 1690 871 1763; x_wconf 87' lang='lat' dir='ltr'><strong>affici.</strong></span> <span class='ocrx_word' id='word_1_90' title='bbox 890 1697 1087 1765; x_wconf 89' lang='lat' dir='ltr'><strong>Verumta-</strong></span> <span class='ocrx_word' id='word_1_91' title='bbox 1144 1714 1145 1717; x_wconf 69' lang='grc'>’</span> 
     </span>
     <span class='ocr_line' id='line_1_13' title="bbox 106 1800 1089 1908; baseline 0.001 -32"><span class='ocrx_word' id='word_1_92' title='bbox 106 1831 181 1879; x_wconf 87' lang='lat' dir='ltr'><strong>men</strong></span> <span class='ocrx_word' id='word_1_93' title='bbox 201 1836 248 1883; x_wconf 89' lang='lat' dir='ltr'><strong>ne</strong></span> <span class='ocrx_word' id='word_1_94' title='bbox 273 1834 384 1908; x_wconf 66' lang='lat' dir='ltr'><strong>aequo</strong></span> <span class='ocrx_word' id='word_1_95' title='bbox 400 1810 509 1882; x_wconf 85' lang='lat' dir='ltr'><strong>citius</strong></span> <span class='ocrx_word' id='word_1_96' title='bbox 528 1808 575 1879; x_wconf 91' lang='lat' dir='ltr'><strong>ad</strong></span> <span class='ocrx_word' id='word_1_97' title='bbox 594 1810 844 1906; x_wconf 81' lang='lat' dir='ltr'><strong>pronunciata</strong></span> <span class='ocrx_word' id='word_1_98' title='bbox 867 1800 1089 1880; x_wconf 72' lang='lat' dir='ltr'><strong>universalia</strong></span> 
     </span>
     <span class='ocr_line' id='line_1_14' title="bbox 106 1924 1090 2024; baseline -0.001 -29"><span class='ocrx_word' id='word_1_99' title='bbox 106 1924 359 2016; x_wconf 76' lang='lat' dir='ltr'><strong>decurramuS,</strong></span> <span class='ocrx_word' id='word_1_100' title='bbox 376 1951 397 1997; x_wconf 91' lang='lat' dir='ltr'><strong>a</strong></span> <span class='ocrx_word' id='word_1_101' title='bbox 416 1926 553 2024; x_wconf 90' lang='lat' dir='ltr'><strong>quibus</strong></span> <span class='ocrx_word' id='word_1_102' title='bbox 569 1950 733 2023; x_wconf 70' lang='lat' dir='ltr'><strong>persepe</strong></span> <span class='ocrx_word' id='word_1_103' title='bbox 756 1927 939 1998; x_wconf 88' lang='lat' dir='ltr'><strong>nonsatis</strong></span> <span class='ocrx_word' id='word_1_104' title='bbox 958 1940 1090 1996; x_wconf 86' lang='lat' dir='ltr'><strong>cavent</strong></span> 
     </span>
     <span class='ocr_line' id='line_1_15' title="bbox 106 2029 1089 2144; baseline 0.003 -34"><span class='ocrx_word' id='word_1_105' title='bbox 106 2029 195 2114; x_wconf 87' lang='lat' dir='ltr'><strong>haud</strong></span> <span class='ocrx_word' id='word_1_106' title='bbox 219 2046 334 2144; x_wconf 88' lang='lat' dir='ltr'><strong>pauci</strong></span> <span class='ocrx_word' id='word_1_107' title='bbox 363 2058 503 2114; x_wconf 85' lang='lat' dir='ltr'><strong>naturae</strong></span> <span class='ocrx_word' id='word_1_108' title='bbox 528 2043 786 2142; x_wconf 83' lang='lat' dir='ltr'><strong>indagatores3</strong></span> <span class='ocrx_word' id='word_1_109' title='bbox 805 2044 899 2141; x_wconf 83' lang='lat' dir='ltr'><strong>scire</strong></span> <span class='ocrx_word' id='word_1_110' title='bbox 921 2042 1029 2128; x_wconf 90' lang='lat' dir='ltr'><strong>licet,</strong></span> <span class='ocrx_word' id='word_1_111' title='bbox 1050 2043 1089 2113; x_wconf 91' lang='lat' dir='ltr'><strong>in</strong></span> 
     </span>
     <span class='ocr_line' id='line_1_16' title="bbox 63 2158 1089 2261; baseline 0.002 -33"><span class='ocrx_word' id='word_1_112' title='bbox 63 2244 65 2251; x_wconf 14' lang='lat' dir='ltr'>y</span> <span class='ocrx_word' id='word_1_113' title='bbox 107 2179 284 2258; x_wconf 86' lang='lat' dir='ltr'><strong>serpente,</strong></span> <span class='ocrx_word' id='word_1_114' title='bbox 300 2164 435 2259; x_wconf 73' lang='lat' dir='ltr'><strong>viperae</strong></span> <span class='ocrx_word' id='word_1_115' title='bbox 457 2162 588 2250; x_wconf 86' lang='lat' dir='ltr'><strong>simili,</strong></span> <span class='ocrx_word' id='word_1_116' title='bbox 607 2160 744 2235; x_wconf 84' lang='lat' dir='ltr'><strong>frustra</strong></span> <span class='ocrx_word' id='word_1_117' title='bbox 760 2187 781 2235; x_wconf 83' lang='lat' dir='ltr'><strong>a</strong></span> <span class='ocrx_word' id='word_1_118' title='bbox 798 2159 909 2248; x_wconf 85' lang='lat' dir='ltr'><strong>noliis</strong></span> <span class='ocrx_word' id='word_1_119' title='bbox 920 2158 1042 2261; x_wconf 80' lang='lat' dir='ltr'><strong>bullas</strong></span> <span class='ocrx_word' id='word_1_120' title='bbox 1050 2161 1089 2230; x_wconf 91' lang='lat' dir='ltr'><strong>in</strong></span> 
     </span>
     <span class='ocr_line' id='line_1_17' title="bbox 106 2279 574 2376; baseline 0.009 -31"><span class='ocrx_word' id='word_1_121' title='bbox 106 2279 276 2375; x_wconf 83' lang='lat' dir='ltr'><strong>sanguine</strong></span> <span class='ocrx_word' id='word_1_122' title='bbox 296 2281 467 2376; x_wconf 86' lang='lat' dir='ltr'><strong>quaesitas</strong></span> <span class='ocrx_word' id='word_1_123' title='bbox 487 2304 574 2351; x_wconf 83' lang='lat' dir='ltr'><strong>esse.</strong></span> 
     </span>
    </p>

    <p class='ocr_par' dir='ltr' id='par_1_3' title="bbox 108 2395 1092 2603">
     <span class='ocr_line' id='line_1_18' title="bbox 149 2395 1090 2497; baseline 0.001 -34"><span class='ocrx_word' id='word_1_124' title='bbox 149 2395 201 2497; x_wconf 68' lang='lat'><strong>²32</strong></span> <span class='ocrx_word' id='word_1_125' title='bbox 220 2401 302 2466; x_wconf 87' lang='lat' dir='ltr'><strong>Jam</strong></span> <span class='ocrx_word' id='word_1_126' title='bbox 318 2421 409 2467; x_wconf 81' lang='lat' dir='ltr'><strong>vero</strong></span> <span class='ocrx_word' id='word_1_127' title='bbox 425 2396 473 2466; x_wconf 89' lang='lat' dir='ltr'><strong>ad</strong></span> <span class='ocrx_word' id='word_1_128' title='bbox 491 2395 628 2485; x_wconf 89' lang='lat' dir='ltr'><strong>calida,</strong></span> <span class='ocrx_word' id='word_1_129' title='bbox 645 2410 767 2493; x_wconf 85' lang='lat' dir='ltr'><strong>eoque</strong></span> <span class='ocrx_word' id='word_1_130' title='bbox 783 2398 894 2467; x_wconf 83' lang='lat' dir='ltr'><strong>etiam</strong></span> <span class='ocrx_word' id='word_1_131' title='bbox 913 2395 1024 2467; x_wconf 91' lang='lat' dir='ltr'><strong>nobis</strong></span> <span class='ocrx_word' id='word_1_132' title='bbox 1042 2397 1090 2467; x_wconf 88' lang='lat' dir='ltr'><strong>si-</strong></span> 
     </span>
     <span class='ocr_line' id='line_1_19' title="bbox 108 2510 1092 2603; baseline 0.004 -24"><span class='ocrx_word' id='word_1_133' title='bbox 108 2510 264 2601; x_wconf 90' lang='lat' dir='ltr'><strong>miliora,</strong></span> <span class='ocrx_word' id='word_1_134' title='bbox 281 2513 455 2584; x_wconf 86' lang='lat' dir='ltr'><strong>animalia</strong></span> <span class='ocrx_word' id='word_1_135' title='bbox 466 2513 758 2603; x_wconf 81' lang='lat' dir='ltr'><strong>revertentibus,</strong></span> <span class='ocrx_word' id='word_1_136' title='bbox 770 2510 1010 2583; x_wconf 82' lang='lat' dir='ltr'><strong>manifestum</strong></span> <span class='ocrx_word' id='word_1_137' title='bbox 1025 2527 1092 2601; x_wconf 89' lang='lat' dir='ltr'><strong>est,</strong></span> 
     </span>
    </p>
   </div>
   <div class='ocr_carea' id='block_1_3' title="bbox 107 2629 1093 2830">
    <p class='ocr_par' dir='ltr' id='par_1_4' title="bbox 107 2629 1093 2830">
     <span class='ocr_line' id='line_1_20' title="bbox 108 2629 1093 2726; baseline 0 -29"><span class='ocrx_word' id='word_1_138' title='bbox 108 2651 343 2726; x_wconf 85' lang='lat' dir='ltr'><strong>quaecumque</strong></span> <span class='ocrx_word' id='word_1_139' title='bbox 364 2653 409 2699; x_wconf 87' lang='lat' dir='ltr'><strong>ex</strong></span> <span class='ocrx_word' id='word_1_140' title='bbox 426 2629 498 2700; x_wconf 89' lang='lat' dir='ltr'><strong>illis</strong></span> <span class='ocrx_word' id='word_1_141' title='bbox 516 2644 602 2726; x_wconf 87' lang='lat' dir='ltr'><strong>post</strong></span> <span class='ocrx_word' id='word_1_142' title='bbox 618 2631 825 2702; x_wconf 90' lang='lat' dir='ltr'><strong>immissum</strong></span> <span class='ocrx_word' id='word_1_143' title='bbox 843 2652 966 2699; x_wconf 90' lang='lat' dir='ltr'><strong>aerem</strong></span> <span class='ocrx_word' id='word_1_144' title='bbox 990 2653 1093 2698; x_wconf 89' lang='lat' dir='ltr'><strong>mor-</strong></span> 
     </span>
     <span class='ocr_line' id='line_1_21' title="bbox 107 2738 1093 2830; baseline 0.012 -25"><span class='ocrx_word' id='word_1_145' title='bbox 107 2739 188 2828; x_wconf 84' lang='lat' dir='ltr'><strong>tuis,</strong></span> <span class='ocrx_word' id='word_1_146' title='bbox 205 2741 362 2812; x_wconf 87' lang='lat' dir='ltr'><strong>dissecta</strong></span> <span class='ocrx_word' id='word_1_147' title='bbox 377 2755 484 2827; x_wconf 92' lang='lat' dir='ltr'><strong>sunt,</strong></span> <span class='ocrx_word' id='word_1_148' title='bbox 502 2738 604 2810; x_wconf 90' lang='lat' dir='ltr'><strong>hunc</strong></span> <span class='ocrx_word' id='word_1_149' title='bbox 621 2742 661 2810; x_wconf 88' lang='lat' dir='ltr'><strong>in</strong></span> <span class='ocrx_word' id='word_1_150' title='bbox 678 2742 792 2813; x_wconf 91' lang='lat' dir='ltr'><strong>corde</strong></span> <span class='ocrx_word' id='word_1_151' title='bbox 805 2758 898 2830; x_wconf 80' lang='lat' dir='ltr'><strong>,aut</strong></span> <span class='ocrx_word' id='word_1_152' title='bbox 916 2746 956 2812; x_wconf 91' lang='lat' dir='ltr'><strong>in</strong></span> <span class='ocrx_word' id='word_1_153' title='bbox 969 2745 1093 2817; x_wconf 89' lang='lat' dir='ltr'><strong>cordis</strong></span> 
     </span>
    </p>
   </div>
   <div class='ocr_carea' id='block_1_4' title="bbox 98 2854 1184 3188">
    <p class='ocr_par' dir='ltr' id='par_1_5' title="bbox 98 2854 1184 3188">
     <span class='ocr_line' id='line_1_22' title="bbox 108 2854 1093 2956; baseline 0.008 -33"><span class='ocrx_word' id='word_1_154' title='bbox 108 2858 272 2928; x_wconf 87' lang='lat' dir='ltr'><strong>auriculis</strong></span> <span class='ocrx_word' id='word_1_155' title='bbox 289 2881 455 2956; x_wconf 84' lang='lat' dir='ltr'><strong>magnac</strong></span> <span class='ocrx_word' id='word_1_156' title='bbox 509 2857 543 2924; x_wconf 94' lang='lat' dir='ltr'><strong>ia</strong></span> <span class='ocrx_word' id='word_1_157' title='bbox 560 2854 767 2928; x_wconf 86' lang='lat' dir='ltr'><strong>ostendisse</strong></span> <span class='ocrx_word' id='word_1_158' title='bbox 783 2857 1007 2949; x_wconf 86' lang='lat' dir='ltr'><strong>collectum,</strong></span> <span class='ocrx_word' id='word_1_159' title='bbox 1029 2886 1093 2931; x_wconf 90' lang='lat' dir='ltr'><strong>eo-</strong></span> 
     </span>
     <span class='ocr_line' id='line_1_23' title="bbox 108 2880 1184 3079; baseline 0.009 -40"><span class='ocrx_word' id='word_1_160' title='bbox 108 2992 260 3073; x_wconf 81' lang='lat' dir='ltr'><strong>rumque</strong></span> <span class='ocrx_word' id='word_1_161' title='bbox 275 2975 436 3079; x_wconf 80' lang='lat' dir='ltr'><strong>parietes</strong></span> <span class='ocrx_word' id='word_1_162' title='bbox 451 2880 850 3075; x_wconf 49' lang='lat' dir='ltr'><strong>Ktendentemadw,</strong></span> <span class='ocrx_word' id='word_1_163' title='bbox 866 2989 909 3046; x_wconf 92' lang='lat' dir='ltr'><strong>ut</strong></span> <span class='ocrx_word' id='word_1_164' title='bbox 923 2976 1095 3071; x_wconf 90' lang='lat' dir='ltr'><strong>quivide·</strong></span> <span class='ocrx_word' id='word_1_165' title='bbox 1181 2968 1184 2974; x_wconf 43' lang='lat'>⁵</span> 
     </span>
     <span class='ocr_line' id='line_1_24' title="bbox 98 3072 1094 3188; baseline 0.01 -32"><span class='ocrx_word' id='word_1_166' title='bbox 98 3072 205 3176; x_wconf 68' lang='lat' dir='ltr'><strong>rum,</strong></span> <span class='ocrx_word' id='word_1_167' title='bbox 242 3094 461 3161; x_wconf 90' lang='lat' dir='ltr'><strong>Brunnerus</strong></span> <span class='ocrx_word' id='word_1_168' title='bbox 486 3089 562 3187; x_wconf 78' lang='lat'><strong>(3),</strong></span> <span class='ocrx_word' id='word_1_169' title='bbox 589 3091 824 3174; x_wconf 81' lang='lat' dir='ltr'><strong>Camerarius</strong></span> <span class='ocrx_word' id='word_1_170' title='bbox 853 3090 927 3188; x_wconf 71' lang='grc' dir='ltr'><strong>(Δ),</strong></span> <span class='ocrx_word' id='word_1_171' title='bbox 946 3094 1094 3166; x_wconf 84' lang='lat' dir='ltr'><strong>Harde-</strong></span> 
     </span>
    </p>
   </div>
   <div class='ocr_carea' id='block_1_5' title="bbox 104 3438 1093 3921">
    <p class='ocr_par' dir='ltr' id='par_1_6' title="bbox 104 3438 1093 3619">
     <span class='ocr_line' id='line_1_25' title="bbox 115 3438 1093 3523; baseline 0.008 -24"><span class='ocrx_word' id='word_1_172' title='bbox 115 3438 118 3443; x_wconf 73' lang='grc'><strong><em>’</em></strong></span> <span class='ocrx_word' id='word_1_173' title='bbox 139 3442 182 3521; x_wconf 87' lang='lat'><strong>(1)</strong></span> <span class='ocrx_word' id='word_1_174' title='bbox 201 3447 248 3502; x_wconf 88' lang='lat' dir='ltr'><strong>De</strong></span> <span class='ocrx_word' id='word_1_175' title='bbox 260 3456 335 3502; x_wconf 87' lang='lat' dir='ltr'><strong>mot.</strong></span> <span class='ocrx_word' id='word_1_176' title='bbox 353 3445 442 3505; x_wconf 86' lang='lat' dir='ltr'><strong>Cord.</strong></span> <span class='ocrx_word' id='word_1_177' title='bbox 456 3447 567 3505; x_wconf 81' lang='lat' dir='ltr'><strong>Postul.</strong></span> <span class='ocrx_word' id='word_1_178' title='bbox 586 3443 622 3502; x_wconf 81' lang='lat'><strong>15</strong></span> <span class='ocrx_word' id='word_1_179' title='bbox 634 3444 667 3501; x_wconf 89' lang='lat' dir='ltr'><strong>in</strong></span> <span class='ocrx_word' id='word_1_180' title='bbox 681 3442 780 3504; x_wconf 84' lang='lat' dir='ltr'><strong>schol.</strong></span> <span class='ocrx_word' id='word_1_181' title='bbox 793 3458 822 3504; x_wconf 87' lang='lat' dir='ltr'><strong>et</strong></span> <span class='ocrx_word' id='word_1_182' title='bbox 835 3449 855 3505; x_wconf 88' lang='lat' dir='ltr'><strong>l.</strong></span> <span class='ocrx_word' id='word_1_183' title='bbox 876 3468 909 3522; x_wconf 86' lang='lat'><strong>1,</strong></span> <span class='ocrx_word' id='word_1_184' title='bbox 924 3467 948 3506; x_wconf 81' lang='lat' dir='ltr'><strong>s.</strong></span> <span class='ocrx_word' id='word_1_185' title='bbox 967 3467 999 3522; x_wconf 87' lang='lat'><strong>1,</strong></span> <span class='ocrx_word' id='word_1_186' title='bbox 1021 3469 1047 3507; x_wconf 80' lang='lat' dir='ltr'><strong>c.</strong></span> <span class='ocrx_word' id='word_1_187' title='bbox 1060 3470 1093 3523; x_wconf 82' lang='lat' dir='ltr'><strong>n,</strong></span> 
     </span>
     <span class='ocr_line' id='line_1_26' title="bbox 104 3535 922 3619; baseline 0.011 -23"><span class='ocrx_word' id='word_1_188' title='bbox 104 3535 183 3619; x_wconf 83' lang='lat' dir='ltr'><strong>Digr</strong></span> <span class='ocrx_word' id='word_1_189' title='bbox 203 3563 230 3600; x_wconf 90' lang='lat'><strong>1.</strong></span> <span class='ocrx_word' id='word_1_190' title='bbox 919 3568 922 3575; x_wconf 83' lang='grc'>’</span> 
     </span>
    </p>

    <p class='ocr_par' dir='ltr' id='par_1_7' title="bbox 140 3639 332 3716">
     <span class='ocr_line' id='line_1_27' title="bbox 140 3639 332 3716; baseline 0.016 -20"><span class='ocrx_word' id='word_1_191' title='bbox 140 3639 184 3716; x_wconf 78' lang='lat' dir='ltr'><strong>(a)</strong></span> <span class='ocrx_word' id='word_1_192' title='bbox 202 3644 243 3697; x_wconf 89' lang='lat' dir='ltr'><strong>N.</strong></span> <span class='ocrx_word' id='word_1_193' title='bbox 259 3660 308 3698; x_wconf 81' lang='lat' dir='ltr'><strong>ar.</strong></span> <span class='ocrx_word' id='word_1_194' title='bbox 325 3658 332 3677; x_wconf 59' lang='lat'>⁸</span> 
     </span>
    </p>

    <p class='ocr_par' dir='ltr' id='par_1_8' title="bbox 140 3736 786 3817">
     <span class='ocr_line' id='line_1_28' title="bbox 140 3736 786 3817; baseline 0.008 -21"><span class='ocrx_word' id='word_1_195' title='bbox 140 3737 183 3817; x_wconf 82' lang='lat'><strong>(3)</strong></span> <span class='ocrx_word' id='word_1_196' title='bbox 204 3736 283 3816; x_wconf 87' lang='lat' dir='ltr'><strong>Eph.</strong></span> <span class='ocrx_word' id='word_1_197' title='bbox 297 3744 335 3799; x_wconf 88' lang='lat' dir='ltr'><strong>N.</strong></span> <span class='ocrx_word' id='word_1_198' title='bbox 349 3745 383 3815; x_wconf 89' lang='lat' dir='ltr'><strong>C,</strong></span> <span class='ocrx_word' id='word_1_199' title='bbox 397 3747 469 3801; x_wconf 86' lang='lat' dir='ltr'><strong>Dec.</strong></span> <span class='ocrx_word' id='word_1_200' title='bbox 482 3746 517 3815; x_wconf 79' lang='lat'><strong>3,</strong></span> <span class='ocrx_word' id='word_1_201' title='bbox 531 3747 567 3801; x_wconf 74' lang='lat' dir='ltr'><strong>A.</strong></span> <span class='ocrx_word' id='word_1_202' title='bbox 582 3764 616 3817; x_wconf 83' lang='lat' dir='ltr'><strong>a,</strong></span> <span class='ocrx_word' id='word_1_203' title='bbox 633 3745 705 3802; x_wconf 79' lang='lat' dir='ltr'><strong>om.</strong></span> <span class='ocrx_word' id='word_1_204' title='bbox 719 3747 786 3802; x_wconf 78' lang='lat'>223.</span> 
     </span>
    </p>

    <p class='ocr_par' dir='ltr' id='par_1_9' title="bbox 139 3837 878 3921">
     <span class='ocr_line' id='line_1_29' title="bbox 139 3837 878 3921; baseline 0.005 -25"><span class='ocrx_word' id='word_1_205' title='bbox 139 3837 182 3915; x_wconf 71' lang='lat' dir='ltr'><strong>(l.)</strong></span> <span class='ocrx_word' id='word_1_206' title='bbox 202 3842 240 3896; x_wconf 88' lang='lat' dir='ltr'><strong>ln</strong></span> <span class='ocrx_word' id='word_1_207' title='bbox 254 3841 408 3902; x_wconf 83' lang='lat' dir='ltr'><strong>Schol.&#39;ad</strong></span> <span class='ocrx_word' id='word_1_208' title='bbox 420 3845 493 3903; x_wconf 79' lang='lat' dir='ltr'><strong>Ohs.</strong></span> <span class='ocrx_word' id='word_1_209' title='bbox 508 3843 562 3914; x_wconf 76' lang='lat'><strong>53,</strong></span> <span class='ocrx_word' id='word_1_210' title='bbox 577 3845 625 3902; x_wconf 86' lang='lat' dir='ltr'><strong>cit.</strong></span> <span class='ocrx_word' id='word_1_211' title='bbox 640 3863 729 3921; x_wconf 84' lang='lat' dir='ltr'><strong>supra</strong></span> <span class='ocrx_word' id='word_1_212' title='bbox 741 3845 779 3902; x_wconf 91' lang='lat' dir='ltr'><strong>ad</strong></span> <span class='ocrx_word' id='word_1_213' title='bbox 789 3858 878 3901; x_wconf 71' lang='lat' dir='ltr'><strong>nm.</strong></span> 
     </span>
    </p>
   </div>
   <div class='ocr_carea' id='block_1_6' title="bbox 178 3961 929 4013">
    <p class='ocr_par' dir='ltr' id='par_1_10' title="bbox 178 3961 929 4013">
     <span class='ocr_line' id='line_1_30' title="bbox 178 3961 929 4013; baseline 0.005 -6"><span class='ocrx_word' id='word_1_214' title='bbox 178 3961 209 4008; x_wconf 89' lang='lat'><strong>1.</strong></span> <span class='ocrx_word' id='word_1_215' title='bbox 884 3965 929 4013; x_wconf 77' lang='lat'><strong>20</strong></span> 
     </span>
    </p>
   </div>
   <div class='ocr_carea' id='block_1_7' title="bbox 0 0 1415 4666">
    <p class='ocr_par' dir='ltr' id='par_1_11' title="bbox 0 0 1415 4666">
     <span class='ocr_line' id='line_1_31' title="bbox 0 0 1415 4666; baseline 0 0"><span class='ocrx_word' id='word_1_216' title='bbox 0 0 1415 4666; x_wconf 95' lang='lat' dir='ltr'><strong> </strong></span> 
     </span>
    </p>
   </div>
  </div>
 </body>
</html>
