2798 4668
260 471 332 547 ma.
359 471 383 518 1.
411 470 458 517 uu
484 470 620 517 nonnis
645 470 803 537 omns,
828 474 939 521 uersu.
966 476 1032 522 nn.
1084 452 1159 553 627

147 585 264 683 paulo
287 599 374 656 ante
396 598 559 655 mortem
579 586 742 683 puerum
761 584 946 673 tulerant,
964 590 1095 679 vicini,
1119 607 1159 664 et

150 704 262 776 amici
274 706 358 777 mei.
369 703 531 781 ,lbicum
548 703 768 803 chi-rurgum
789 682 885 776 forle
898 703 1160 797 offendissem,

147 820 251 892 idem
264 820 369 918 quod
380 832 463 920 ego,¹
475 823 702 921 cupientem,
715 824 783 895 etsi
792 822 959 895 hominis
971 844 1156 922 nuperum

144 936 415 1012 confidentiam
429 955 578 1011 tantam
589 956 604 1029 ,'
618 940 892 1039 audaciamque
903 941 1156 1040 perniciosam

144 1057 304 1156 paululo
323 1060 444 1130 acrius
462 1066 576 1157 quam
590 1069 672 1133 mea
684 1055 778 1132 ferat
788 1075 922 1131 natura
946 1071 983 1130 et
996 1082 1156 1132 consue·

147 1174 261 1265 tudo,
272 1175 335 1247 hic
345 1177 523 1250 omnibus
537 1179 624 1250 satis
634 1203 823 1277 superque
832 1192 1016 1277 spectata,
1027 1201 1155 1275 repre·

148 1291 317 1365 bendere
333 1319 404 1392 pro
423 1320 469 1367 eo
487 1320 531 1367 ac
549 1295 756 1386 debebam,
771 1322 851 1368 non
864 1297 995 1385 omisi3
1011 1310 1157 1382 tamen,
1187 1346 1191 1353 «

147 1425 191 1480 ut
210 1409 482 1483 consideratior
509 1437 552 1485 ac
574 1414 720 1484 cautior
751 1428 846 1501 essct
872 1415 911 1483 in
940 1427 1155 1510 posterum,

142 1525 222 1622 jam
240 1526 372 1617 docili,
390 1544 504 1626 atque
521 1529 561 1600 id
578 1532 740 1629 petenti,
760 1532 944 1602 continuo
962 1528 1097 1614 annui,
1111 1550 1154 1598 ac

139 1643 332 1741 pollicitus
359 1668 442 1715 sum
473 1670 533 1716 mc
557 1660 748 1717 tumorem
776 1646 976 1718 dissecanti
1014 1641 1153 1716 affutu-

145 1786 253 1849 rum,
273 1776 310 1832 et
327 1785 408 1858 quae
426 1763 656 1849 contineret,
677 1761 965 1835 declaraturum.
981 1762 1155 1847 Tumoris
1205 1742 1210 1750 ⁶

148 1880 311 1978 parietes
331 1880 400 1951 etsi
414 1894 523 1951 erant
544 1879 699 1979 collapsi
717 1896 754 1952 et
765 1881 913 1978 rugosi,
932 1894 968 1950 et
991 1877 1041 1950 ob
1055 1877 1155 1959 hanc

115 2023 118 2026 ·
149 2020 302 2070 causam
324 1998 542 2085 crassiores3
567 1998 613 2068 iis
637 2012 764 2067 tamen
788 1998 926 2096 pressis
954 2021 975 2066 e
997 1994 1155 2067 vulnere

146 2139 248 2213 aqua
265 2112 388 2185 exibat
408 2137 488 2188 non
508 2137 645 2210 pauca,
663 2137 746 2210 quae
768 2111 945 2183 nonnihil
970 2110 1157 2210 graveole-

146 2233 229 2323 bat,
246 2233 362 2304 urinae
381 2229 527 2329 pallidae
543 2229 672 2304 similis
692 2257 700 2299 :
723 2255 806 2327 quae
826 2229 1033 2301 similitudo
1048 2253 1157 2327 supe·

147 2350 316 2424 rioribus
338 2349 450 2420 etiam
472 2346 621 2436 diebus,
640 2361 685 2418 ut
715 2346 812 2436 dixi,
832 2345 1106 2432 animadversa,
1122 2357 1159 2416 et

77 2476 81 2479 ’
148 2470 250 2540 inter
264 2467 462 2563 chirurgos
477 2462 642 2562 vulgata,
663 2463 849 2561 quosdam
859 2462 922 2534 hic
932 2483 1086 2561 quoque
1103 2457 1158 2555 (ι)

143 2596 401 2686 permoverat,
422 2596 466 2653 ut
483 2580 690 2652 urinariam
713 2581 875 2653 vesicam
896 2603 983 2652 curn
1009 2593 1158 2648 tumore

138 2700 912 2798 communicaresuspicarentur.Parietes
937 2692 1086 2767 duabus
1108 2691 1154 2761 li-

144 2822 229 2895 neis
239 2823 281 2893 in
295 2813 479 2893 decussim
492 2817 615 2891 ductis
626 2817 754 2904 incisi,
767 2816 858 2889 dum
871 2827 995 2900 caute,
1004 2806 1157 2882 utindi·

147 2938 303 3027 cabam,
322 2925 610 3025 diducerentur,
628 2931 827 3006 manifesto
842 2930 1016 3030 apparuit
1035 2927 1157 3025 spina-

145 3055 194 3129 lis
207 3054 391 3143 medulla,
411 3053 518 3125 tenui
532 3052 709 3148 meninge
727 3050 934 3121 convestita
954 3071 1023 3146 per
1043 3068 1157 3143 quam

144 3172 319 3247 distentis
336 3169 497 3243 vasculis
506 3183 626 3240 totam
642 3165 863 3253 rubentem,
879 3162 1055 3236 medullae
1073 3185 1157 3231 cor·

143 3315 218 3391 pus
237 3314 324 3363 cum
346 3285 623 3388 prodeuntibus
640 3284 766 3356 neruis
781 3281 830 3353 ad
842 3280 1018 3353 vmedium
1039 3277 1157 3351 ferme

69 3402 90 3474 s
135 3409 296 3481 illorum
320 3406 526 3504 parietum,
554 3400 763 3473 secundum
780 3396 1058 3495 longitudinem
1075 3418 1154 3467 arc-

139 3526 219 3598 tius
232 3520 453 3599 adhaerebat'
465 3519 540 3621 (a),
558 3533 602 3590 ut
619 3515 667 3588 ab
684 3516 744 3591 bis
756 3517 839 3615 ipse
852 3513 1049 3586 debuerim
1063 3513 1157 3584 leni·

154 3731 1163 3763 Μ

188 3884 234 3963 (1)
252 3883 322 3943 tid.
340 3884 501 3961 Supina,
516 3900 563 3944 ιι.

192 3997 236 4076 (a)
256 3997 328 4057 tid.
342 3995 416 4056 ibid.
