2862 4668
321 518 369 594 70
488 517 535 562 DE
561 512 708 562 sumus
730 514 776 561 ET
799 510 925 564 CAUSIS
949 511 1166 605 montotto!

321 626 429 702 facile
440 627 585 700 invasit.
608 628 699 718 Quae
712 649 798 698 cum
812 623 967 699 fortasse
987 649 1056 725 per
1072 625 1246 698 calorem
1260 623 1338 699 dib·

320 745 404 818 ilari
433 743 609 817 nonnihil
636 759 942 843 posset‚temere
969 769 1037 844 per
1061 745 1325 817 inunctionem
1403 840 1404 849 ἵ

322 864 506 950 coercita,
524 879 627 934 extra
642 864 812 935 cranium
834 862 988 961 quidem
1006 862 1190 959 gelatinae
1207 859 1326 934 forma

320 983 362 1054 in
381 981 553 1082 proxima
575 979 795 1055 membrana
812 980 981 1071 haerens,
1001 979 1099 1054 banc
1119 980 1326 1055 vehemen-

320 1112 380 1172 ter
405 1098 609 1187 distendit,
629 1098 727 1170 intra
745 1099 914 1171 cranium
943 1115 1068 1172 autem
1094 1101 1134 1171 in
1159 1122 1224 1173 eas
1246 1122 1324 1197 quaa

321 1217 429 1290 dictae
446 1231 555 1306 suut,
572 1215 679 1288 sedes
703 1217 970 1316 irrumpendo,
989 1232 1224 1317 tenuemque
1248 1239 1325 1287 me-

320 1334 475 1432 ningem
497 1358 572 1431 qua
591 1333 788 1406 cerebrum
809 1350 847 1406 et
862 1334 1100 1423 ventriculos,
1116 1333 1324 1421 convestit,

320 1450 533 1540 irritando,
561 1450 645 1522 illos
670 1449 931 1524 acerbissimos
958 1450 1109 1523 dolores
1134 1453 1324 1549 primum,

320 1581 405 1641 tum
434 1566 633 1658 delirium,
651 1583 778 1641 motus
804 1568 1063 1656 convulsivos,
1084 1567 1322 1669 apoplexiam

308 1684 487 1782 'denique
508 1684 641 1756 attulit.
659 1683 770 1774 Quod
786 1687 816 1757 si
827 1682 923 1758 forte
942 1685 1069 1772 malis,
1087 1685 1185 1756 iliud
1201 1705 1324 1757 serum

321 1825 402 1871 non
412 1824 484 1898 pro
502 1824 632 1886 causa,
650 1800 716 1873 scd
731 1825 803 1898 pro
822 1825 941 1874 causae
954 1799 1088 1875 effectu
1105 1800 1267 1887 habere,
1283 1812 1323 1870 ut

321 1919 363 1991 in
393 1919 586 2015 superiore
619 1918 867 2016 explicatione
896 1919 1110 1995 indicatum
1130 1935 1219 2011 est,
1247 1940 1322 1989 non
1406 1978 1407 2003 ,

322 2035 561 2107 adversabor.

369 2154 404 2225 6.
420 2155 486 2230 His
500 2151 647 2225 duabus
659 2154 806 2243 tertiam
819 2154 941 2253 placet
948 2153 1146 2228 historiam
1166 2152 1322 2239 addere,

324 2296 407 2370 quae
425 2270 514 2355 licet
528 2295 605 2363 non
626 2269 792 2343 hominis
811 2271 876 2344 sed
893 2273 973 2346 ovis
988 2274 1054 2363 sit,
1074 2270 1323 2369 nonindigna
1407 2330 1408 2333 ,

324 2405 380 2461 est
399 2412 481 2486 quae
501 2388 705 2477 scribatur,
724 2390 935 2486 praesertim
955 2414 1044 2464 cum
1064 2390 1143 2462 aliae
1162 2390 1251 2464 satis
1276 2384 1321 2458 si·
1407 2420 1408 2423 ¹

322 2506 455 2596 miles,
476 2506 507 2578 si
537 2504 680 2578 doloris
695 2505 834 2579 indicia
858 2524 1191 2597 memorarentur,
1208 2484 1322 2576 bisto-

322 2624 428 2695 toriae
463 2624 616 2712 ovium,
648 2624 880 2723 aliarumque
903 2625 1091 2724 pecudum
1116 2628 1157 2697 in
1187 2629 1321 2696 bortum

323 2740 575 2839 Sepulchreto
601 2741 658 2839 (1)
673 2742 857 2839 legantur.
877 2747 929 2813 Ea
947 2743 1028 2813 ovis
1038 2730 1259 2814 caeterarum
1270 2734 1324 2810 sui

157 2857 160 2865 ’
242 2924 244 2929 .
324 2861 448 2958 gregis
479 2859 713 2933 consortium
741 2854 938 2957 fugiebat,
963 2878 1002 2931 se
1032 2882 1103 2957 per
1127 2851 1322 2931 intervalla

309 2975 495 3074 'quotidie
523 3002 620 3076 saepe
649 2974 998 3064 circumvolvebat‚
1028 2998 1099 3048 nec
1122 2974 1196 3047 sibi
1214 2981 1322 3072 caput

324 3092 429 3189 tangi
450 3088 616 3184 ferebat,
647 3091 712 3166 sed
741 3091 926 3190 ejusmodi
954 3106 1074 3165 tactus
1103 3091 1321 3195 impatiens,

325 3210 433 3280 omni
452 3225 591 3282 conatu
607 3234 646 3283 se
659 3206 904 3282 subducebat.
925 3210 1113 3299 Quacum
1128 3205 1226 3281 forte
1243 3198 1336 3276 ani·'

324 3324 778 3415 madvertissetVaisalva,
794 3325 897 3413 unde
909 3326 940 3397 is
951 3340 1078 3399 tantus
1091 3327 1255 3398 oriretur
1267 3341 1321 3393 ca·

325 3443 413 3543 pitis
425 3442 550 3533 dolor,
558 3442 742 3517 noscendi
755 3443 932 3543 cupidus,
947 3458 1112 3543 emptam
1122 3439 1318 3516 dissecuit:

325 3586 397 3635 nec
408 3559 573 3634 morbidi
585 3560 794 3660 quidquam
807 3559 896 3633 alibi
906 3585 1023 3660 quam
1036 3562 1077 3632 in
1085 3552 1320 3644 cerebr0,de·

324 3678 538 3779 prehendit.
550 3681 646 3753 Nam
660 3680 922 3778 primumcum
931 3679 1038 3752 hoce
1050 3682 1182 3754 cranio
1191 3676 1322 3752 exime·

326 3883 1327 3925 ww

365 4037 411 4117 (1)
429 4038 497 4098 Lib.
515 4057 550 4115 r,
564 4049 634 4103 sect.
648 4059 703 4113 rr,
722 4038 818 4098 obet
835 4050 865 4105 et
879 4057 941 4119 seq·
