2774 4666
240 485 309 532 ma.
339 487 362 531 i.
390 487 437 533 nn
463 468 598 532 nonnis
623 483 779 548 carirrs,
805 483 920 532 amon
945 484 994 532 ιν.
1049 488 1119 561 229

111 597 208 686 tire,
233 613 271 668 et
288 598 546 694 constringere
564 621 603 668 se
624 610 829 696 poterant,
834 599 911 693 jam
933 621 1066 696 magua
1083 601 1120 668 vi

110 713 198 783 lotii
230 713 392 785 distenta
420 729 566 798 esseut,
598 739 722 811 neque
752 739 811 786 ars
841 713 916 786 hoc
942 713 1120 787 educeret

110 844 197 900 tum
223 832 311 927 quia
333 830 546 902 abdominis
563 830 755 929 pinguedo
774 832 904 903 vesicae
930 847 1119 903 tumorem

109 946 435 1035 animadvertere,
450 964 529 1019 tum
547 950 635 1045 quia
650 963 740 1019 uota
752 949 869 1018 urinae
886 950 1120 1020 incontinen-

108 1064 160 1132 tia
180 1064 288 1136 hunc
305 1067 506 1163 suspicari,
533 1090 612 1136 non
635 1066 801 1153 sinebat3
819 1065 870 1136 ob
891 1065 971 1136 haec
991 1068 1119 1137 omnia

108 1177 253 1267 factum
276 1182 523 1270 crediderim,
552 1198 594 1254 ut
618 1206 705 1254 cum
731 1184 805 1255 seri
832 1182 1018 1280 potulenti
1039 1209 1117 1281 quo

108 1300 263 1396 sanguis
300 1299 566 1390 redundabat,
599 1301 696 1372 nihil
729 1300 890 1398 amplius
925 1300 1117 1397 recipere,

108 1417 254 1514 quippe
271 1417 555 1506 distentissima,
575 1419 741 1489 urinaria
760 1421 1009 1491 instrumenta
1027 1442 1117 1515 pos-

107 1549 213 1620 sent;
229 1534 333 1630 quod
346 1537 533 1633 reliquum
546 1552 643 1623 erat,
658 1537 697 1607 in
707 1534 905 1609 cerebrum
920 1550 985 1605 aut
1000 1537 1118 1605 irrue·

105 1651 169 1738 rit,
188 1665 254 1725 aut
269 1651 528 1741 destillaverit,
545 1654 672 1751 sicque
689 1652 884 1724 hominem
899 1648 1115 1730 confecerit

106 1771 185 1838 Cur
202 1748 541 1843 autemcerebrum
554 1772 796 1869 potissimum.
807 1769 1056 1858 inundaverit,
1067 1794 1114 1840 ex

105 1885 327 1982 apoplexia,
343 1912 425 1983 quae
443 1889 533 1958 olim
551 1902 802 1986 praecesserat,
817 1885 1002 1983 intelligas
1012 1885 1116 1967 licet,

105 2002 430 2096 quemadmodum
447 2007 558 2077 etiam
582 2029 627 2075 ex
652 2005 873 2075 arteriarum
895 2000 985 2073 illuc
1009 2025 1113 2099 spee-

104 2120 286 2207 tantium,
301 2135 338 2190 et
356 2118 511 2193 fortasse
535 2147 579 2192 ex
597 2120 782 2219 glandula
799 2143 954 2217 quoque
979 2118 1112 2216 pituia·

6 2248 9 2253 “
105 2236 167 2307 riae
185 2237 297 2325 vitio,
314 2262 479 2333 quorum
506 2237 553 2311 ab
570 2237 689 2309 altero
705 2237 798 2334 quid
816 2237 1032 2325 detrimenti
1045 2237 1114 2311 im-

104 2352 273 2449 pendere
292 2356 428 2451 possit,
442 2355 531 2426 alibi
544 2354 599 2452 (1)
612 2355 891 2428 subindicatum
905 2370 979 2442 est,
997 2353 1044 2426 ab
1059 2355 1111 2425 al·

103 2486 189 2542 tero
207 2487 332 2559 autem
350 2469 446 2544 iufra
461 2472 516 2571 (α)
533 2472 771 2544 indicabitur.
796 2477 913 2544 Porro
937 2471 1111 2544 auriculae

105 2587 230 2659 cordis
247 2588 580 2679 dexterae-cohaesio
595 2615 682 2661 cum
696 2589 907 2686 pericardio
924 2586 1029 2658 facile
1046 2612 1111 2685 po-
1177 2612 1179 2618 ⁴

103 2706 178 2775 tuit
194 2702 361 2794 efficere,
385 2732 434 2778 ne
456 2707 519 2777 illa
536 2706 767 2804 impellendo
783 2708 823 2776 iu
852 2730 919 2776 cor
935 2706 1109 2801 sanguini

38 2918 41 2925 ι
106 2837 292 2919 quantum
316 2823 363 2894 ab
388 2838 522 2896 natura
545 2811 758 2896 institutum
775 2838 849 2912 est,
866 2821 1110 2909 subserviret,

106 2963 228 3036 eoque
246 2938 307 3010 hic
323 2942 447 3013 minus
458 2940 628 3039 expedite
642 2956 724 3012 tum
739 2963 760 3011 a
774 2941 915 3011 caeteris
931 2937 1111 3051 pqrtibus,

106 3070 218 3128 tuma
230 3056 386 3149 cerebro
400 3052 595 3131 remearat.
614 3063 797 3142 Caeterum
811 3056 911 3128 illius
924 3056 1110 3145 auriculae,

107 3188 143 3245 et
152 3175 278 3246 cordis
288 3199 374 3245 cum
384 3175 656 3273 pericardio,et
666 3175 858 3274 pulmonis
867 3172 1010 3246 dexteri
1022 3197 1110 3247 cum

107 3291 240 3388 pleura
257 3290 585 3381 arctiorcohaesio,
596 3308 687 3367 tunc
705 3278 1023 3365 ortumlrabuisse
1035 3315 1112 3371 cre·

108 3404 232 3483 denda
247 3423 302 3481 est
316 3408 470 3506 quando
487 3407 651 3481 thoracis
664 3408 906 3481 inflammatio
917 3408 1111 3505 superiore

105 3539 231 3623 astate
248 3523 443 3609 homiuem
459 3525 602 3616 afflixit3
620 3550 839 3624 quanquam
857 3524 903 3596 de
921 3527 1001 3620 ejus
1025 3522 1112 3622 pul·

110 3641 229 3730 sibus,
243 3657 280 3713 et
290 3645 536 3742 respiratione
545 3662 631 3744 post
640 3646 734 3717 illud
749 3661 899 3742 tempus
909 3641 1005 3714 nihil
1020 3644 1112 3721 certi

150 3918 196 3999 (r)
215 3921 310 3995 Epist.
322 3922 364 3994 ¹3,
379 3875 413 3980 nl
425 3941 472 3980 aa.

151 4018 195 4096 (a)
215 4021 254 4078 N.
274 4019 323 4079 36·
411 4082 413 4085 .
