2798 4668
310 439 379 513 588
475 466 523 510 ns
547 462 693 511 snomus
718 464 763 510 rr
788 461 912 511 csus1s
936 461 1147 509 nonnosum

307 580 346 647 in
368 603 445 675 quo
467 574 637 647 nondum
657 577 739 675 gyri
755 574 980 663 illiusmodi,
1005 589 1044 647 et
1058 571 1300 645 circumvola«

307 695 429 766 tiones
442 708 549 781 sunt3
566 717 648 790 que
664 693 843 792 explicari
863 707 1022 791 queant,
1049 712 1162 762 secus
1181 715 1222 762 ac
1235 690 1298 760 Pai-

308 809 518 906 senius(1),
536 824 649 906 atque
663 808 880 881 Pelchlinus
890 807 945 905 (α)
958 808 998 880 in
1013 832 1060 880 eo
1079 809 1190 905 cujus
1202 821 1298 904 caput
1376 878 1377 913 ἢ

296 929 383 1023 jam
402 926 488 998 inde
500 952 525 997 a
541 929 735 996 nativitate
745 951 793 996 ex
804 924 1086 1023 hydroceplralo
1108 936 1308 1011 tumuerat,

304 1043 481 1116 videntur
507 1042 742 1116 existimasse.
768 1047 812 1113 Et
838 1044 867 1115 si
893 1045 1078 1142 parietum
1098 1041 1297 1112 lateralium
1376 1026 1377 1111 l

303 1158 601 1232 ventriculorum
618 1160 825 1234 crassitudo
837 1163 875 1232 vi
890 1186 996 1260 aquae
1008 1158 1133 1233 fuerat
1144 1159 1184 1230 in
1203 1160 1297 1257 quin·

306 1276 448 1373 quenni
466 1276 532 1348 illo
544 1276 667 1375 Tulpii
686 1278 759 1374 (3),
784 1277 864 1349 non
880 1278 997 1349 modo
1018 1280 1058 1347 in
1078 1279 1224 1349 trienni
1238 1277 1299 1346 llil·

305 1391 392 1465 dani
408 1392 474 1489 (A),
493 1409 557 1466 aut
567 1393 699 1466 bienni
714 1396 850 1468 Vesalii
859 1394 929 1492 (5),
941 1414 1128 1493 superne,
1149 1411 1187 1468 et
1205 1394 1247 1466 ad
1258 1395 1297 1464 la·

304 1526 381 1582 tera
401 1537 519 1609 usque
536 1511 631 1582 adeo
647 1526 866 1602 extenuata,
885 1528 926 1584 ut
936 1514 1059 1611 primo
1070 1514 1295 1610 inspectione

304 1629 405 1699 nulla
423 1654 501 1702 esse
521 1631 730 1722 videretur,
746 1658 832 1704 cum
848 1640 966 1704 instar
975 1632 1140 1729 alicujus
1158 1637 1296 1703 crassio-

304 1751 354 1816 ris
362 1749 590 1820 membranoe
602 1748 874 1822 adhaeresceret
884 1750 1049 1846 undique
1059 1765 1233 1819 arcuatae
1241 1746 1296 1817 dis·

303 1862 508 1936 solutorum
520 1872 655 1937 ossium
671 1870 995 1960 oz'rcurnferentiae5
1007 1864 1104 1936 nihil
1117 1864 1225 1935 dubii
1235 1876 1296 1949 est,

303 1983 396 2077 quin
412 1998 516 2055 tanto
529 1985 737 2073 tenuiores,
755 1985 1022 2081 mollioresque
1032 1984 1072 2052 in
1083 1980 1183 2053 foetu
1196 1981 1296 2079 parie

304 2112 358 2170 tes
368 2101 420 2169 sic
431 2102 549 2198 possit
557 2129 654 2201 aqua
665 2104 891 2189 distendere,
903 2102 1123 2198 utdenique
1131 2115 1197 2172 aut
1206 2122 1296 2198 pror·

302 2244 381 2308 suS,
395 2237 459 2292 aut
470 2223 748 2321 propemodum
763 2224 903 2309 deleat,
916 2222 1130 2319 saepiusque
1145 2239 1298 2316 percos,

302 2355 338 2411 et
356 2341 395 2408 in
416 2367 538 2411 unum
555 2366 641 2413 cum
660 2342 751 2438 ipsis
767 2340 1071 2434 tuchonjuueta
1087 2350 1127 2406 et
1150 2332 1295 2415 cerebri,

301 2474 338 2530 et
347 2460 464 2530 cranii
474 2475 622 2532 extensa
637 2459 792 2556 laxaque
804 2460 1063 2555 integumenta
1075 2455 1140 2525 vin
1150 2451 1293 2547 sibique

301 2576 426 2649 minus
449 2578 642 2663 resistunt,
664 2592 793 2675 aperta
814 2575 938 2647 autin
964 2586 1093 2657 utero,
1125 2584 1194 2640 aut
1216 2567 1295 2637 dum

302 2717 370 2790 per
398 2693 511 2788 hujus
528 2696 717 2791 angustias
744 2693 784 2763 in
813 2698 925 2790 partd
949 2686 1155 2786 expellitur
1181 2683 1295 2766 foetus,

301 2833 387 2879 cum
407 2810 606 2897 dissolut0,
619 2825 683 2881 aut
702 2809 920 2881 semisoluto
941 2803 1098 2879 cerebro
1119 2810 1294 2897 erumpat.

301 2923 405 3023 quod
430 2941 553 2999 autem
581 2926 743 2997 diximus
762 2925 809 2997 de
828 2920 1088 3023 superioribus
1116 2935 1156 2991 et
1175 2918 1294 2988 latera·

299 3040 400 3114 libus
428 3042 570 3115 dexteri
602 3044 818 3141 sinistrique
850 3039 1049 3113 ventriculi
1079 3034 1292 3135 parietibus,

299 3158 401 3230 idem
411 3157 655 3232 inferioribus
667 3184 842 3258 quoque,
857 3159 1003 3254 totique
1017 3154 1114 3227 aden
1132 3147 1292 3224 medullae

301 3275 528 3375 oblongam,
542 3294 579 3350 et
595 3276 802 3366 cerebello,
819 3291 856 3349 et
865 3273 1038 3347 medullae
1052 3266 1199 3370 spinali'
1208 3265 1289 3340 acci·
