2774 4670
288 467 363 561 470
455 486 502 533 ns
529 486 675 534 seorsus
699 486 743 530 rr
768 480 892 531 causis
914 480 1127 530 *monacnum

287 619 399 694 runt;
417 604 480 677 illa
506 619 630 675 autem
659 602 850 700 sanguinis
873 600 1055 673 detractio
1076 625 1143 673 seu
1159 614 1291 697 caput,

288 722 366 796 sive
381 747 422 794 ea
440 722 566 820 potius
582 721 722 792 viscera
744 718 876 790 levarit
891 718 1031 817 quibus
1050 740 1146 790 vena
1166 732 1289 815 porta·

288 864 374 912 rum
406 840 583 922 inservit,
612 837 793 909 hactenus
828 832 989 934 profuit,
1022 850 1065 907 ut
1096 833 1216 906 breve
1245 833 1290 904 ad

286 973 436 1056 tempus
446 955 606 1027 insultus
615 954 835 1052 quieverint.
854 959 949 1026 Cum
963 956 1102 1026 iterum
1117 950 1291 1049 lrequen·

287 1075 361 1146 tius
377 1086 635 1159 recurrerent,
658 1094 754 1168 saepe
769 1094 814 1140 ex
829 1093 899 1142 usu
913 1067 984 1141 fuit
1000 1092 1142 1168 aegrnm
1167 1069 1217 1139 ad
1234 1093 1288 1140 se-

287 1189 454 1262 dendum
477 1188 639 1285 erigere,
656 1201 834 1284 artusque
858 1183 1056 1260 inferiores
1083 1186 1204 1258 modo
1229 1184 1292 1257 fri·
1376 1224 1377 1233 κ

288 1330 397 1395 care,
415 1305 531 1377 modo
550 1304 692 1375 alterne
706 1305 866 1376 vinculis
881 1305 1028 1400 injectis
1044 1302 1291 1404 adstringere,

291 1424 408 1496 modo
426 1420 674 1495 cucurbitulis
691 1423 770 1494 sine
786 1420 886 1494 ferro
908 1416 1046 1511 affixis,
1065 1438 1102 1494 et
1122 1447 1215 1494 mox
1238 1419 1296 1492 de·

285 1540 413 1612 tractis
430 1560 582 1627 vexare3
605 1542 657 1612 sic
678 1542 779 1612 enim
802 1538 857 1612 illi
881 1540 1023 1612 diutius
1041 1541 1290 1613 intermittere

285 1655 523 1728 videbantur.
537 1659 684 1729 Certior
698 1678 854 1755 quoque
870 1656 989 1730 lactus
1008 1682 1113 1746 sum,
1131 1681 1222 1728 cum
1238 1655 1294 1727 ali·

287 1774 439 1873 quando
462 1770 521 1846 vel
547 1774 671 1845 multo
697 1775 831 1873 saepius
855 1775 1097 1872 ingruerent,
1127 1775 1291 1845 arcuisse

286 1895 408 1991 ipsos,
421 1894 500 1964 imo
510 1892 588 1987 jam
608 1893 716 1989 quasi
728 1891 927 1964 inchoatos
945 1892 1200 1990 suppressisse
1220 1892 1291 1989 spi-

287 2008 401 2080 ritum
421 2010 506 2080 salis
522 2011 748 2079 ammoniaci
776 2009 825 2080 ad
849 2034 961 2081 nares
984 2008 1207 2094 admotum,
1227 2008 1292 2107 etsi

287 2146 383 2222 aeger
391 2122 540 2196 carebat
550 2122 750 2197 olfaciendi
759 2121 945 2198 facultate.
956 2130 1070 2197 Erant
1084 2125 1111 2194 ii
1125 2126 1292 2224 plerum·
1376 2218 1378 2225 Ι

288 2264 362 2338 que
376 2240 593 2338 perbreves,
603 2242 668 2316 sed
679 2245 834 2314 minime
844 2234 954 2313 leves.
970 2241 1182 2315 Oculorum
1193 2243 1293 2315 enim

289 2357 550 2450 distorsiones‚
578 2373 615 2431 et
642 2373 791 2431 artuum
817 2359 1045 2457 agitationes
1058 2383 1232 2458 semper,
1259 2373 1295 2431 et

288 2475 511 2575 interceptio
529 2477 911 2562 sensuumomnium,
931 2499 1025 2574 saepe
1035 2476 1294 2575 strangulatio,
1376 2504 1377 2511 ¹

289 2614 408 2689 eaque
425 2593 616 2665 interdum
627 2618 714 2665 cum
730 2607 909 2680 stertore,
924 2616 1210 2689 nonnunquam
1219 2594 1295 2664 uri·

289 2730 346 2779 nae
366 2706 517 2781 cllluxio
532 2711 790 2782 comitabatur.
812 2710 973 2783 Pessime
993 2722 1119 2782 autem
1139 2710 1294 2799 habuit,
1378 2750 1379 2753 ¹

289 2851 336 2899 eo
355 2826 415 2901 die
434 2829 473 2898 in
498 2854 611 2924 quem
629 2831 832 2900 solstitium
845 2827 1000 2915 incidit,
1014 2852 1140 2924 eoque
1155 2829 1293 2925 pariter
1378 2830 1379 2841 ’

288 2940 333 3013 in‘
356 2969 469 3042 quem
493 2942 662 3018 delectus
684 2946 781 3019 solis.
808 2944 882 3016 Sed
906 2956 949 3016 ut
974 2967 1062 3016 casu
1084 2945 1124 3015 id
1155 2943 1293 3017 factum

291 3063 440 3150 credas3
460 3088 538 3134 non
559 3077 684 3133 tamen
704 3063 836 3136 credes
855 3059 1011 3136 fortuito
1036 3061 1239 3151 accidisse,
1254 3076 1292 3133 ut

290 3179 521 3250 accessiones
535 3204 614 3252 non
632 3179 749 3261 modo
767 3206 846 3252 non
864 3180 1048 3266 leviores,
1066 3176 1133 3253 sed
1151 3182 1292 3279 gravio·

289 3316 350 3365 res
366 3299 498 3394 saepius
514 3298 752 3396 ingruerent,
765 3298 920 3397 quando
928 3298 1038 3370 urina
1050 3295 1127 3367 sive
1138 3313 1290 3385 nature,

291 3410 367 3480 sive
392 3404 480 3486 a'rtis
496 3439 568 3514 ope
588 3424 695 3486 aucta
719 3430 798 3486 erat
820 3413 884 3513 (1).
900 3416 995 3485 Nam
1013 3428 1049 3483 et
1065 3402 1143 3483 hoc
1162 3437 1290 3485 curare

290 3527 493 3625 aliquando
510 3528 726 3617 debuimus,
754 3556 840 3601 cum
858 3554 997 3628 agnum
1009 3529 1181 3602 dormire
1198 3530 1289 3601 inci·

287 3646 455 3742 pientem
483 3644 605 3718 subita
622 3643 824 3759 difficultas
843 3644 1011 3744 spirandi
1025 3645 1224 3735 excitaret,
1247 3666 1287 3716 ac

327 3998 371 4078 (ι)
392 3999 459 4057 Vid.
476 3999 568 4072 infra,
585 4019 616 4057 n.
635 4019 682 4057 ιι.
