2782 4668
167 483 240 529 tm.
268 485 291 529 1.
320 484 366 528 ns
392 479 844 546 uonmscar1r1s,ur1sr.
871 482 951 529 vm.
1004 458 1075 545 445

71 620 148 691 quo
171 593 373 665 cerebrum
400 595 564 691 primum
589 608 817 683 tentaretur,
843 593 1076 666 arbitraban-

70 713 255 784 tur.'Veri
273 727 397 784 autem
416 712 571 800 similius
591 727 664 800 est,
682 711 833 783 doctum
862 713 1074 804 medicum,
1103 804 1106 809 ¹

70 851 278 899 memorem
301 826 454 899 fortasse
474 851 608 899 eorum
632 829 768 925 quaein
786 828 1072 926 Dioscoride(1)

69 945 239 1042 legisset,
255 970 303 1015 ne
323 945 423 1016 idem
438 944 508 1016 sibi
526 944 629 1042 quod
646 944 882 1033 Themisoni,
908 948 1070 1018 amicum

33 1092 34 1097 ¹
70 1060 369 1159 hydrophobum
396 1063 563 1149 curanti,
591 1061 797 1149 accideret,
819 1087 897 1133 non
926 1063 1071 1134 medio-

72 1179 182 1249 criter
209 1180 467 1276 pertimuisse,
494 1179 699 1275 praesertim
722 1180 753 1250 si
771 1203 902 1250 eorum
927 1182 1072 1253 veniret
1172 1216 1175 1220 ·

70 1294 107 1363 in
121 1311 291 1367 mentem
307 1322 389 1393 quae
399 1295 445 1366 de
461 1295 596 1366 morbo
607 1295 699 1384 hoc,
715 1296 775 1367 vel
793 1298 872 1368 sine
881 1295 1070 1369 morsibus

53 1416 56 1421 ’
73 1426 283 1501 contracto,
303 1438 383 1483 non
399 1414 509 1512 pauci
526 1411 763 1483 tradiderunt
780 1415 999 1511 scriptores,
1017 1429 1071 1485 at-

72 1553 163 1625 que,
183 1545 228 1602 ut
246 1531 368 1602 solent
385 1531 494 1602 multi
508 1533 547 1600 in
565 1530 817 1627 suofpericulo
828 1585 839 1618 ,
852 1533 980 1602 omnia
996 1557 1067 1629 pro

71 1649 163 1718 veris
177 1646 337 1719 haberet
355 1647 369 1744 l
388 1670 476 1719 nam
501 1662 538 1717 et
557 1647 796 1744 Stalpartium
813 1646 866 1743 (a)
890 1650 956 1744 qui
973 1647 1069 1719 nihil

73 1785 201 1833 eorum
220 1765 409 1853 crederet,
421 1763 593 1835 videmus
609 1778 755 1852 tamen,
771 1780 972 1862 postquam
989 1765 1069 1836 illo-

70 1903 165 1949 rum»
183 1884 251 1978 qui
273 1906 310 1953 se
345 1879 620 1978 hydrophobos
647 1878 727 1951 lore
758 1880 1068 1978 suspicabantur,

70 1992 217 2070 arterias
233 1999 423 2097 tetigerat,
440 1999 571 2069 lavisse
581 1996 741 2093 manus)
755 1997 804 2068 ob
814 1997 1069 2070 vehementio-

71 2137 145 2183 rem
166 2116 293 2187 autem
309 2131 452 2186 metum
468 2115 507 2185 in
525 2114 844 2187 melancholicum
860 2119 965 2212 quasi
980 2116 1068 2187 deli·

70 2231 163 2301 rium
183 2232 379 2318 incidisse,
403 2232 514 2328 qnod·
528 2235 725 2329 repentina
752 2256 857 2329 aquae
879 2230 1067 2330 perfusi0,

71 2350 206 2448 quippe
224 2350 542 2438 recentissimum,
562 2364 667 2421 tanto
690 2348 832 2421 facilius
855 2351 1068 2439 sustulerit,

73 2464 100 2533 si
111 2466 190 2560 ejus
203 2468 352 2567 generis
368 2466 495 2537 auxilii
507 2466 1067 2564 adversushydrophobiamre-

72 2581 236 2654 cordatio
251 2584 577 2681 imaginationem,
596 2609 679 2679 quae
703 2580 882 2653 morbum
906 2580 1066 2672 fecerat,

71 2695 114 2765 ad
129 2700 343 2772 tollendum
367 2700 519 2795 adjuvit.
545 2698 616 2769 Sed
644 2698 723 2769 haec
748 2715 791 2769 ut
806 2700 989 2788 volueris,
1014 2703 1065 2771 ita

70 2817 234 2913 accipies.
252 2817 363 2908 Quod
378 2841 469 2888 vero
486 2816 533 2887 de
547 2816 792 2886 convulsione
810 2815 886 2886 dixi
903 2814 1008 2887 facile
1022 2819 1062 2887 in

71 2924 327 3034 hydrophobia
339 2932 517 3004 omnibus
528 2930 785 3028 conjicienda,
804 2932 864 3002 vel
874 2958 948 3003 una
959 2957 1063 3030 aquae

70 3043 309 3144 deglutieudae
328 3047 526 3120 difficultas
546 3047 696 3118 videtur
715 3049 800 3119 satis
816 3048 1063 3145 probabiliter

70 3160 237 3239 indicare.
254 3170 335 3240 Sive
353 3168 453 3237 enim
471 3180 526 3237 est
541 3164 645 3235 nulla
658 3163 843 3250 lancium,
861 3166 999 3261 gulaeve
1010 3169 1064 3238 in·

72 3274 284 3373 flammati03
309 3284 385 3380 jam
406 3306 519 3379 supra
535 3280 589 3378 (3)
604 3281 747 3364 vidisti,
766 3298 808 3353 ut
823 3281 870 3353 ad
886 3283 990 3354 illam
1005 3310 1063 3356 ex·

72 3394 275 3490 plicandam
288 3399 547 3472 difficultatem
561 3398 788 3496 Caesalpiuus
803 3399 915 3488 olim‘,
928 3404 1063 3472 etAro-

69 3521 242 3592 matarius
265 3544 393 3615 earum
419 3519 584 3616 partium
612 3516 897 3589 convulsionem
928 3542 1064 3614 posue·

105 3793 148 3873 (Ι)
166 3801 210 3858 De
225 3803 306 3860 Med.
319 3805 394 3859 Mat.
408 3804 430 3859 l.
443 3803 478 3874 6,
492 3821 518 3859 e.
535 3802 581 3859 36.

106 3890 147 3971 (²)
166 3900 264 3959 Schol.
280 3902 330 3959 eit.
343 3920 452 3977 supra,
473 3903 512 3960 ad
524 3922 555 3958 n.
574 3920 621 3977 ²9·

109 3990 363 4078 &Nmmm
