2784 4668
299 412 367 483 160
462 434 509 481 nr
535 432 681 481 sautans
705 432 750 479 ar
775 432 898 480 caus1s
924 432 1135 482 nonronmr

295 562 401 635 sunt,
413 546 535 634 vides,
556 570 639 644 quae
651 545 736 617 'sint
754 544 939 641 ejusmodi
957 547 1240 645 tempestatibus
1252 549 1295 619 iis

293 662 444 736 vitanda
463 662 603 760 quibus
620 661 658 733 id
673 664 833 760 periculi
851 664 891 734 in
912 665 1133 737 universum
1151 665 1294 762 impen-
1370 644 1371 681 ³

293 782 367 854 det.
396 780 544 871 Quibus
568 803 659 851 vero
678 781 869 879 speciatim
891 782 931 854 in
949 780 1127 870 cerebro,
1147 780 1208 853 his
1228 781 1294 851 alia
1370 756 1371 779 Χ

294 897 459 970 cavenda
487 912 574 969 sunt
599 899 778 996 insuper,
803 898 975 996 illudque
1001 900 1131 987 etiam,
1153 923 1202 972 ne
1221 898 1294 968 ani·

294 1042 399 1089 mum
413 1015 629 1105 intendant,
643 1016 848 1113 prasertim
868 1015 1067 1104 cubantes,
1082 1040 1160 1114 quo
1173 1014 1298 1087 videli-

293 1147 352 1205 cet
366 1134 536 1233 corporis
554 1134 627 1206 situ
641 1147 785 1232 quanto
804 1130 948 1205 facilior
966 1147 1021 1206 est
1040 1135 1232 1232 sanguinis
1249 1131 1294 1204 ad

293 1267 406 1349 caput
431 1275 623 1339 ascensus,
648 1266 753 1323 tanto
781 1248 973 1326 difficilior
997 1266 1053 1325 est
1081 1249 1292 1324 descensus.
1371 1332 1372 1337 ,

294 1371 352 1443 Sic
370 1369 525 1445 doctum
538 1371 663 1440 virum
677 1369 855 1441 Bononiae
877 1370 984 1457 novi,
1006 1370 1073 1466 qui
1095 1370 1126 1442 si
1142 1368 1294 1466 quando

292 1488 461 1559 animum
470 1511 598 1575 mane,
614 1500 817 1587 antequam
832 1499 1001 1583 surgeret
1016 1488 1055 1557 in
1071 1511 1200 1559 rerum
1219 1485 1295 1558 abs·

293 1618 482 1676 trusarum
501 1603 826 1691 meditationibus,
840 1615 882 1673 ut
897 1603 1049 1675 litterati
1074 1604 1217 1692 solent,
1236 1601 1295 1675 de·

293 1722 443 1822 figeret,
461 1723 495 1795 ei
513 1745 602 1792 mox
618 1719 710 1791 dum
725 1736 912 1818 surgeret,
930 1736 1042 1819 guttae
1060 1720 1206 1819 aliquot
1214 1744 1294 1792 san·
1372 1772 1373 1795 t

293 1842 417 1940 guinis
435 1864 455 1910 e
469 1837 625 1913 naribus
639 1835 854 1910 effluebant.
875 1843 971 1912 Cave
984 1840 1088 1911 enim
1102 1863 1295 1937 argumen·

293 1959 340 2028 tis
354 1980 486 2028 eorum
505 1957 572 2054 qui
590 1955 755 2028 docent»
772 1957 849 2027 vim
868 1956 1056 2054 gravitatis
1075 1958 1221 2029 ratione
1238 1981 1294 2028 re·
1372 1954 1373 2011 f

292 2102 310 2139 s
324 2075 513 2171 liquarum
528 2076 802 2173 potentiarum,
820 2087 967 2165 motum
981 2075 1175 2172 sanguinis
1190 2099 1295 2173 gene·

293 2221 311 2255 a
329 2194 512 2279 rontium,
526 2217 605 2264 esse
625 2191 785 2280 nullam3
799 2221 816 2257 »
831 2216 939 2279 cave,
953 2194 1129 2289 inquam,
1146 2205 1293 2265 tantum

248 2378 250 2389 ,
292 2308 454 2397 tribuas,
468 2324 510 2381 ut
518 2308 748 2381 obliviscaris
756 2333 834 2379 non
850 2308 1019 2381 utilitatis
1028 2308 1168 2398 solum,
1184 2333 1294 2407 quam

293 2424 447 2499 solertes
465 2426 601 2499 medici
619 2425 667 2497 ad
681 2425 926 2499 avertendum
945 2429 986 2497 in
1004 2428 1115 2500 certis
1134 2425 1295 2516 morbis,
1373 2418 1374 2467 t

291 2558 355 2619 aut
372 2545 413 2615 in
433 2547 544 2618 certis
559 2545 608 2618 ad
627 2544 782 2618 morbos
801 2543 1111 2643 dispositionibus
1131 2540 1291 2616 nimium

290 2662 483 2760 sanguinis
495 2661 543 2734 ad
557 2677 670 2760 caput
682 2658 874 2751 effluxum,
889 2665 1136 2761 experiuntur
1150 2661 1198 2734 ab
1212 2664 1290 2760 ejus

291 2793 415 2850 erecto
431 2781 522 2868 situ,
539 2805 672 2852 verum
689 2782 800 2853 etiam
816 2780 922 2879 quod
940 2806 1055 2853 nemo
1073 2804 1152 2851 non
1170 2782 1292 2870 novit,

290 2920 406 2994 quam
424 2898 596 2973 celeriter
619 2898 660 2968 in
686 2897 848 2972 demisso
871 2900 992 2997 capite
1012 2896 1123 2971 facies
1143 2896 1295 2985 rubeat,

289 3027 326 3086 et
357 3015 566 3087 incalescat.
586 3014 658 3087 Sed
687 3016 733 3087 de
758 3016 882 3088 bisin
908 3017 1104 3115 praesentia
1135 3014 1291 3113 quidem

287 3132 374 3203 satis
387 3129 446 3227 (*).

325 3484 379 3564 (*)
399 3489 483 3544 Inter
495 3506 597 3546 causas
609 3486 769 3547 efficientes
786 3490 962 3565 apoplexiae,
981 3490 1031 3546 hic
1042 3492 1228 3566 Morgagnus
1240 3509 1289 3548 ra-

283 3588 476 3645 refactionem
489 3589 640 3665 sanguinis
653 3608 709 3664 per
720 3590 850 3646 aestivam
863 3601 1066 3665 tempestatem
1079 3590 1193 3648 indicat
1206 3613 1216 3647 ε
1229 3610 1290 3648 non

283 3689 322 3744 ab
336 3689 416 3745 illius
433 3691 577 3747 sententia
599 3689 720 3763 quidem
736 3689 938 3759 desciscimus,
954 3690 1015 3746 imo
1040 3710 1102 3747 non
1114 3694 1213 3748 nullas
1225 3693 1290 3749 aui·

284 3789 503 3845 madversiones
519 3788 693 3845 deducimus
717 3789 754 3846 dc
775 3808 833 3846 usu
858 3790 1065 3847 medicamenti
1082 3790 1240 3864 cujusdam
1258 3792 1290 3848 in

284 3889 446 3964 apoplexiae
457 3887 610 3946 curatione
618 3891 744 3947 multum
754 3889 922 3964 praedicati,
935 3891 1047 3948 scilicet
1059 3892 1171 3967 pedum
1182 3891 1290 3947 balnei.

285 3990 368 4063 Saepe
385 3988 464 4044 enirn
485 3987 719 4059 observavimus,
738 3989 801 4047 duo
815 3991 983 4064 praesertim
995 3990 1077 4064 apud
1091 4008 1200 4067 aegros,
1216 4007 1291 4065 apo-
