2784 4668
274 417 344 491 136
436 441 484 488 nr
509 438 655 493 sturnus
679 441 724 489 rr
748 438 873 489 muers
898 438 1108 489 nonnosum

266 569 414 627 motum
441 554 637 628 amitteret.
662 555 805 635 Vinum
826 542 991 643 interea,
1016 552 1122 652 quod
1147 567 1274 623 tamen
1375 566 1381 615 2

267 698 313 745 eo
329 673 389 744 die
405 672 509 745 haud
522 671 683 770 amplius
699 686 893 771 potaverat
905 694 1019 770 quam
1034 670 1193 758 soleret,
1208 692 1274 741 vo·
1375 678 1381 763 ξ

266 792 387 879 muit‚
411 788 601 864 debilibus
621 791 774 888 utique,
797 805 835 863 et
859 787 976 861 ferme
1003 784 1276 887 impotentibus
1376 812 1379 849 1

268 908 477 981 conatibus.
495 910 582 979 Non
599 907 685 1007 plus
696 907 847 998 auxilii,
864 923 1048 1007 quantum
1064 903 1275 1002 intelligere
1373 912 1381 987 t

246 1080 249 1091 .
267 1027 397 1125 potui,
415 1025 570 1121 allatum
587 1041 661 1114 est,
681 1049 796 1124 quam
813 1040 856 1098 ut
872 1027 912 1097 in
928 1024 1027 1097 lecto
1045 1036 1273 1123 poneretur:

138 1190 178 1231 μ
266 1146 307 1214 in
323 1166 402 1241 quo
419 1145 541 1242 posita
558 1158 714 1217 stertere
734 1140 870 1242 coepit,
887 1166 1050 1243 cumque
1067 1141 1115 1215 ad
1132 1154 1275 1213 sextam
1374 1142 1381 1231 'fl‘

267 1260 402 1332 horam
431 1262 553 1336 noctis
578 1277 679 1335 certe
704 1263 878 1350 vixisset,
903 1286 1013 1335 mane
1040 1274 1212 1345 mortua,
1237 1271 1275 1327 et
1375 1280 1381 1323 ἰ

264 1374 398 1477 frigide
416 1379 568 1453 inventa
585 1392 662 1468 est,
680 1395 722 1450 ut
743 1379 996 1475 conjicerent,
1018 1376 1156 1450 obiisse
1172 1376 1274 1448 circa
1380 1404 1381 1431 ÷

208 1584 212 1598 f
266 1495 401 1569 horam
426 1517 601 1587 nouam3
629 1510 708 1599 erat
732 1512 858 1569 autem
884 1494 1018 1596 frigida
1044 1495 1302 1592 tempestas,⁴
1378 1528 1381 1558 r

268 1619 410 1713 quippe
421 1628 512 1691 ante
532 1613 701 1687 medium
718 1610 951 1697 februarium
968 1614 1059 1685 anni
1073 1594 1076 1602 ⁸
1090 1612 1193 1710 1708.

201 1728 203 1735 ’
316 1731 483 1804 Cadaver
509 1731 612 1803 secui
630 1754 716 1805 eum
735 1733 858 1830 praecl.
886 1732 1098 1803 anatomico
1124 1733 1179 1799 Jo.
1198 1732 1274 1801 Do·
1380 1768 1381 1793 l

220 1874 241 1917 υ
267 1852 409 1925 minico
420 1849 774 1940 Santorino,dootis
784 1850 868 1925 aliis
876 1850 1004 1923 amicis
1013 1844 1270 1948 praesentibus.
1375 1882 1381 1951 ἶ]

267 1967 467 2041 Abdomen
482 1967 700 2067 turgidum,
713 1983 750 2042 et
766 1968 1001 2068 pinguedine·
1012 1968 1137 2066 potius
1154 1965 1273 2040 abun·
1376 1992 1381 2063 j

267 2086 383 2174 dans,
400 2100 443 2157 ut
459 2103 656 2159 omentum
668 2111 833 2186 ottoque.
851 2087 973 2161 Colon
989 2070 1272 2186 propemodum
1380 2144 1381 2147 ,

267 2206 484 2277 universum
501 2206 608 2302 quasi
627 2204 821 2283 consimile
840 2205 985 2293 canini3
1001 2203 1095 2277 adeo
1112 2202 1273 2303 paucas,
1377 2227 1381 2281 ρ

267 2319 912 2419 rarasquecellulashabebathuin
925 2321 974 2393 ad
985 2337 1275 2420 magnos‚trac-
1380 2346 1381 2383 1

262 2454 329 2511 tus
345 2439 466 2511 multo
482 2462 597 2536 quam
619 2463 771 2536 aequum
794 2442 857 2528 sit,
876 2441 1071 2538 angustius
1089 2438 1273 2515 cerneba-
1378 2461 1381 2529 p

187 2554 191 2561 ’
264 2573 341 2630 tur.
361 2561 573 2656 Antequam
589 2572 713 2628 autem
729 2559 770 2629 in
786 2575 932 2632 rectum
951 2557 1095 2647 abiret,
1118 2557 1274 2656 amplio-
1379 2580 1381 2591 ¹

266 2675 399 2765 ribus,
415 2700 529 2773 quam
549 2675 667 2765 solet,
687 2676 814 2773 gyris,
836 2676 1059 2749 umbilicum
1084 2699 1214 2749 versus
1234 2696 1272 2746 se

266 2792 553 2892 contorquebat.
567 2796 692 2865 Foetor
708 2808 787 2865 erat
798 2793 975 2892 quidam,
992 2796 1086 2869 utin
1104 2818 1271 2893 gangre-

265 2914 325 2984 nis
337 2911 608 3011 incipientibus
617 2912 905 2985 intestinorum:
922 2928 959 2984 et
972 2914 1099 2985 tenuia
1110 2912 1269 3010 quidem
1313 3008 1317 3013 .

265 3030 392 3117 colore
408 3042 518 3132 erant
540 3028 603 3105 hic
631 3028 708 3100 illic
732 3030 939 3129 sanguineo
964 3029 1207 3104 saturatiori:
1234 3044 1270 3101 et

265 3171 353 3219 cum
366 3161 567 3244 tempestas
580 3161 675 3219 esset
682 3172 798 3244 quam
813 3148 909 3239 dixi,
919 3172 1130 3223 seceremus
1141 3162 1268 3219 autem

264 3264 466 3362 trigesima
483 3278 570 3361 post
594 3279 756 3337 mortem
785 3264 880 3338 hora
904 3293 914 3355 ;
941 3265 1045 3338 calor
1074 3267 1269 3343 etiamtum

193 3453 195 3457 ,
265 3382 401 3478 aliquis
413 3385 742 3479 supersteseratin
758 3399 900 3456 ventre.
914 3387 1032 3457 Porro
1044 3398 1082 3457 et
1093 3384 1171 3456 lien
1188 3383 1270 3480 quie

265 3499 426 3571 busdam
443 3495 514 3571 fuit
530 3500 647 3571 veluti
669 3503 883 3597 sanguineis
900 3502 1055 3600 guttulis
1072 3499 1270 3599 superficie

261 3633 376 3707 tenus
389 3616 612 3705 distinctus,
629 3633 759 3691 caetera
776 3643 907 3692 sanus:
926 3621 966 3691 in
983 3619 1129 3718 hepatis
1144 3634 1269 3695 autem

153 3797 161 3807 ,
266 3735 446 3820 vesicula,
462 3737 714 3809 contractiore
730 3760 842 3833 quam
856 3752 1047 3835 portasset,
1064 3735 1151 3809 bilis
1164 3737 1271 3834 qussi

265 3869 432 3927 eruenta.
455 3854 527 3926 Sed
547 3853 666 3952 hepar
690 3878 768 3925 non
791 3878 898 3928 secus
915 3879 961 3927 ac·
978 3855 1009 3926 si
1030 3854 1123 3925 olim
1141 3877 1190 3924 ex
1213 3852 1271 3923 in·

263 3971 516 4047 {lammetione
533 3971 758 4063 laborasset,
777 3971 953 4069 pluribus
970 3995 1085 4068 quam
1109 3993 1269 4044 consue-
