2774 4666
285 462 351 537 172
445 462 491 508 DE
518 459 663 526 sumnus
688 458 732 507 ET
757 452 879 506 CAUSIS
905 454 1113 508 MORBOR'UM

281 575 403 674 plexia
418 589 636 672 correptus,
654 572 749 647 bora
759 588 888 645 octava
898 575 1024 646 vivere
1036 574 1161 663 desiit,
1175 568 1271 646 citius

281 692 456 763 videlicet
465 716 576 788 quam
585 691 624 760 in
635 688 765 781 fabro,
782 690 892 763 multi
903 693 1093 789 sanguinis
1101 689 1273 764 effusione

282 806 388 880 facta.
405 807 554 879 ,Habuit
578 824 701 879 autem
728 823 863 907 praeter
887 808 1084 906 hydatides
1106 810 1147 903 in
1170 808 1275 905 plexu
1377 800 1378 807 ἵ

283 924 464 997 choroide
477 925 678 1022 plurimas,
696 926 736 995 in
747 927 958 997 ventriculo
969 925 1116 998 cerebri
1128 924 1274 996 dextero

282 1042 384 1113 ultra
414 1058 578 1140 quatuor
602 1048 946 1140 unciassanguinis
976 1049 1159 1139 grumosi,
1187 1042 1277 1113 unde
1377 1056 1378 1121 j

283 1166 421 1232 cavitas
439 1160 507 1231 illa
525 1143 617 1231 mire
634 1159 815 1231 dissoluta
822 1162 914 1251 fuit.
935 1160 1034 1231 Illud
1051 1185 1207 1257 quoque
1230 1161 1278 1228 in·

231 1291 233 1295 ’
281 1292 384 1349 terea
399 1278 513 1348 velim
530 1277 827 1365 animadvertas,
855 1275 1159 1348 observationem
1185 1276 1278 1348 hanc
1373 1258 1378 1307 ‘³

281 1409 504 1492 utramque,
524 1395 555 1465 si
573 1395 781 1466 resolutum
799 1394 889 1465 hinc
906 1394 1001 1465 latus
1014 1409 1178 1491 spectes,
1197 1393 1278 1464 inde
1376 1375 1378 1387 ἶ

244 1514 247 1521 ’
282 1536 372 1582 vern
404 1513 532 1583 laesum
560 1514 776 1611 oppositum
804 1514 844 1582 in
874 1511 1030 1583 cerebro
1061 1511 1278 1609 hemisphae·
1377 1506 1378 1509 '

280 1630 401 1716 rium,
430 1655 517 1701 eum
552 1630 729 1702 Valsalvae
767 1628 1092 1701 observationibus
1127 1631 1278 1699 omnino
1377 1644 1378 1649 ’

282 1769 502 1844 congruere.
524 1747 757 1835 Quibuscum
776 1748 864 1827 alias
883 1749 1022 1845 pariter
1035 1761 1279 1843 congruentes
1377 1763 1378 1769 ’

280 1843 466 1960 reperies,
486 1866 662 1962 interque
680 1864 762 1936 illas
779 1866 850 1935 viri
869 1865 942 1961 (ι),
962 1866 1027 1961 qui
1047 1865 1115 1935 etsi
1130 1865 1209 1959 jam
1229 1887 1280 1935 se·
1374 1932 1375 1951 ,

182 1996 183 2003 ’
281 1982 389 2050 nium
408 1982 597 2078 attigerat,
625 1996 924 2080 temperamento
959 1996 1036 2052 erat
1073 1995 1224 2068 tamen,
1249 1995 1282 2050 et
1374 1964 1378 2015 ³*

281 2114 360 2169 arte
380 2100 490 2187 clim,
515 2115 552 2170 et
570 2100 784 2172 recentibus
802 2104 843 2171 in
860 2101 961 2171 victu
986 2101 1116 2169 erratis
1136 2099 1183 2170 ad
1204 2124 1282 2170 san·
1375 2170 1376 2173 ,

281 2217 457 2311 guineam
476 2218 711 2314 apoplexiam
724 2218 937 2314 dispositus.
951 2221 1094 2287 Verum
1107 2216 1178 2286 alia
1192 2217 1281 2288 scire

280 2329 435 2404 fortusse
463 2333 608 2423 evehis,
627 2336 794 2432 Primum
817 2332 1010 2421 videlicet,
1031 2333 1133 2429 unde
1154 2334 1220 2422 sit,
1245 2348 1283 2404 ut

235 2451 238 2459 ’
280 2450 319 2527 iu
339 2450 383 2521 iis
402 2447 518 2521 ferme
531 2451 708 2522 omnibus
728 2451 907 2545 exemplis
925 2475 1007 2548 quae
1025 2449 1103 2538 his,
1123 2466 1160 2521 et
1177 2476 1282 2548 supe-

280 2566 445 2638 rioribus
464 2567 597 2639 litteris
621 2568 708 2652 sive¹
727 2593 771 2638 ex
794 2567 973 2638 Valsulvae
999 2566 1281 2657 observatione,

282 2684 358 2755 sive
378 2709 424 2754 ex
442 2700 590 2772 nostra,
610 2684 686 2754 sive
706 2709 750 2754 ex
769 2683 889 2754 aliena
913 2682 1204 2782 descripsimus,
1225 2702 1282 2758 aut

279 2800 550 2888 indicavimus,
581 2825 629 2871 ne
658 2801 703 2872 iis
736 2800 890 2898 quidem
925 2802 1072 2873 omissis
1109 2802 1281 2892 duobus,

280 2944 444 3016 quorum
464 2920 623 2991 alterum
644 2942 689 2988 ex
706 2918 825 3007 illius,
842 2919 1000 2990 alterum
1021 2944 1065 2990 ex
1078 2937 1228 3009 nostra,
1244 2924 1281 2991 in

280 3038 439 3134 epistola
457 3037 666 3108 anatomica
684 3040 769 3105 XIII
793 3035 847 3132 (a)
876 3039 1165 3135 proposuimus;
1186 3042 1280 3112 utin

277 3155 323 3225 iis
336 3156 448 3253 igitur
467 3153 584 3225 ferme
602 3154 799 3243 omnibus,
818 3156 1023 3251 praesertim
1034 3181 1126 3227 vero
1145 3159 1187 3228 in
1204 3159 1282 3255 qui-

277 3271 350 3351 bus
365 3273 430 3343 illa
446 3273 601 3370 quidem
621 3288 755 3369 praeter
774 3288 949 3343 naturam
967 3299 1056 3344 cava
1072 3300 1279 3346 memorem·

278 3405 360 3477 tur,
379 3405 443 3460 aut
462 3414 541 3460 non
566 3388 728 3461 obscuro
752 3389 893 3460 indicio
913 3391 1150 3486 conjicienda
1167 3393 1280 3489 signi-

280 3507 459 3594 ficantur,
472 3532 567 3605 ,quae
586 3508 684 3578 intra
711 3532 799 3578 cava
822 3509 972 3605 sanguis
991 3509 1189 3598 collectus,
1218 3523 1279 3579 aut

279 3625 456 3722 equibus
476 3621 616 3716 effusus
635 3622 765 3710 fuerit,
795 3623 937 3699 eaier'e
966 3640 1028 3696 aut
1052 3626 1092 3694 in
1120 3649 1281 3722 corpore

315 3908 360 3985 (ι)
380 3904 456 3983 Eph.
473 3911 511 3965 N.
526 3912 558 3965 C.
572 3913 656 3973 Ceut.
673 3931 707 3986 9,
725 3912 790 3969 obs.
806 3913 833 3969 3.

315 4009 359 4084 (2)
380 4011 417 4067 N.
439 4029 476 4084 19
491 4021 520 4067 et
538 4008 585 4066 25.

1331 2326 1333 2330 ,
1375 2222 1378 2317 Ι
