2862 4668
449 451 772 533 ermenero„
1062 418 1108 516 4³5

93 562 130 627 sb
141 562 361 627 indoctissimis
373 564 433 643 legi
446 567 536 637 nelle,
550 565 683 625 dicturus
697 564 827 640 pariter,
842 581 939 639 neque
949 563 987 620 ab
998 564 1113 622 doctis·

96 669 195 738 simis,
209 669 235 725 si
250 686 286 725 ea
297 666 506 724 tantummodo
517 664 705 722 continerent
717 684 782 739 quae
799 665 848 720 ille
860 664 984 722 retineri
994 664 1110 733 voluit,

92 784 198 844 nempe
209 787 279 843 quae
290 766 431 824 studiosis
444 764 681 822 adolescentibus
692 765 835 839 prodesse
844 776 975 839 possent.
985 767 1026 821 At
1037 783 1111 821 vcro

93 864 139 925 hic
150 868 230 924 mihi
245 886 309 924 non
321 868 392 923 licet
398 866 587 922 Lucilianum
599 865 673 921 illud
686 863 731 941 (ι)
743 884 842 921 meum
851 866 966 936 facere,
980 867 1113 921 Perseum

14 1026 17 1035 ,
93 988 149 1024 non
164 986 236 1024 curo
252 970 349 1041 legere
363 965 453 1020 Icoec:
471 966 598 1020 Laelium
618 966 772 1020 Dectinum
790 967 885 1034 volo;
900 965 960 1022 imo
973 965 1110 1038 Persius,

94 1068 124 1125 id
139 1078 186 1125 est
204 1066 415 1135 doctissimos,
428 1064 536 1139 cupio,
550 1064 603 1139 qui
615 1074 721 1120 caetera
736 1065 866 1121 Decimis
884 1065 1000 1137 Laeliis,
1017 1065 1051 1122 id
1067 1077 1112 1123 est

94 1185 155 1224 non
165 1166 336 1223 illitteratis
352 1164 518 1237 juvenibus
538 1164 759 1239 relinquentes,
778 1164 935 1221 consilium
949 1165 1109 1236 duntaxat,

96 1278 124 1324 st
136 1266 326 1323 desiderium
343 1264 531 1340 perpendant
546 1282 661 1335 mcum,
680 1275 709 1320 et
726 1263 752 1321 si
769 1262 847 1321 sorte
859 1283 921 1321 non
934 1263 1109 1339 displiceat,

95 1383 237 1437 assensu,
261 1366 287 1422 si
300 1364 405 1422 melius
422 1362 488 1421 fieri
501 1381 588 1438 posse
603 1364 744 1434 credant,
760 1364 882 1421 monitis
896 1362 1055 1437 adjuvent,
1081 1376 1112 1422 et

93 1467 230 1542 exemplo
244 1506 254 1536 ,
267 1477 302 1521 ut
315 1485 351 1522 ex
363 1461 558 1538 Sepulchrcto
572 1463 701 1538 denique
714 1464 827 1520 utilitas
845 1475 958 1538 quanta
976 1465 1105 1520 maxima

89 1577 205 1641 potest,
220 1566 367 1641 capiatur.
386 1568 454 1636 Quo
470 1564 586 1621 facilius
605 1564 782 1620 utrumlibet
803 1565 929 1635 faciant,
956 1564 1105 1639 quidquid

93 1666 139 1724 bis
152 1665 291 1741 epistolis
308 1664 341 1720 in
354 1660 434 1721 hunc
446 1662 538 1720 finem
555 1663 618 1738 ipse
634 1663 842 1738 praestiterim,
857 1675 970 1738 quanto
984 1663 1111 1737 paucio-

92 1767 175 1825 ribus
188 1765 295 1822 licebit
305 1764 337 1819 in
350 1781 383 1820 re
394 1761 572 1838 multiplici,
585 1773 615 1818 et
625 1761 710 1819 varia
719 1762 849 1819 dilucide
860 1762 1026 1836 narranda,
1036 1782 1108 1838 pro..

98 1885 223 1943 ponam.

138 1986 187 2024 rr.
200 1963 434 2024 Observationes
448 1962 510 2041 (ab
523 1964 570 2021 his
583 1965 663 2021 enim
675 1963 833 2039 incipiam,
850 1975 884 2020 ut
898 1964 1033 2020 eumdem
1046 1963 1108 2022 iere

95 2087 156 2144 quo
171 2084 267 2142 supra
278 2084 349 2121 usus
362 2084 437 2134 snm,
454 2064 593 2121 ordinem
604 2074 776 2122 conservem
788 2064 810 2141 )‚
821 2064 1053 2136 obseruationes,
1064 2065 1111 2129 in·

96 2186 208 2243 quarn,
224 2166 292 2223 illas
306 2183 380 2241 quas
400 2164 597 2221 animadverti
613 2166 675 2221 sive
687 2183 723 2221 ex
737 2164 904 2236 ueteribus,
928 2163 990 2221 sive
1006 2184 1042 2221 ex
1062 2183 1112 2222 re-

93 2265 285 2325 centioribus
299 2264 331 2321 in
348 2261 544 2339 Sepulchreto
557 2265 692 2322 exhiberi
702 2265 853 2339 potuisse,
867 2283 922 2322 nec
939 2277 1037 2336 tamen
1056 2284 1110 2323 exn

94 2367 208 2424 hibitus
225 2384 307 2436 esse,
321 2366 447 2440 illasque
462 2356 669 2440 insupssquae
683 2365 728 2436 ab¹
738 2366 831 2421 altera
844 2363 909 2437 ejus
922 2363 1053 2420 editione
1069 2365 1109 2421 ad

96 2465 153 2525 hoc
172 2485 272 2542 usque
289 2477 406 2540 tempus
420 2465 620 2540 prodierunt,
635 2444 696 2520 sitis
715 2464 771 2520 sub
791 2463 939 2538 capitibus
960 2464 1110 2540 indicavi,

94 2544 571 2643 quecumqueinterscribcudum
578 2574 801 2623 succurrerunt.
813 2564 903 2635 Quod
910 2564 978 2622 ideo
986 2565 1064 2637 dico,
1075 2578 1111 2623 ut

96 2687 199 2725 omnes
212 2670 331 2739 sciant,
348 2684 502 2742 superesse
514 2685 581 2740 quae
594 2665 758 2737 addantur,
774 2683 865 2740 quarn
875 2664 1039 2739 plurimas3
1055 2685 1110 2722 ne-

96 2787 152 2842 que
168 2768 251 2825 enirn
264 2786 301 2824 ex
312 2766 348 2822 iis
360 2786 435 2842 quos
448 2767 649 2843 perlegeram,
665 2764 750 2821 libris
774 2775 906 2834 cunctte3
929 2782 965 2820 ex
983 2765 1018 2822 iis
1034 2783 1108 2822 vero

96 2886 173 2942 qnos
183 2887 249 2925 non
259 2867 408 2937 videram,
423 2877 503 2923 certe
517 2868 605 2922 nullm
613 2883 787 2922 succurrere
798 2874 962 2939 potuerunt
976 2884 983 2920 :
998 2867 1108 2920 multos

98 2954 196 3026 antem
209 2987 275 3025 non
287 2968 352 3026 ridi
367 2979 420 3026 aut
431 2967 503 3043 quia
515 2985 578 3024 non
590 2961 649 3023 huc
659 2965 777 3022 fuerant
787 2966 834 3021 his
845 2965 973 3040 Europae
991 2966 1110 3023 calami-

98 3070 168 3128 tosis
186 3068 375 3145 temporibus
396 3067 565 3142 importati,
591 3077 643 3122 ant
666 3065 737 3139 quia
762 3064 798 3121 iis
819 3064 929 3142 linguis
952 3085 1026 3141 quas
1046 3086 1109 3123 non

95 3146 165 3227 satis
179 3171 290 3239 calleo,
304 3169 342 3223 ab
364 3166 537 3227 auctoribus
557 3176 641 3222 erant
661 3165 778 3241 scripti3
803 3166 996 3241 nequeenim
1020 3168 1110 3224 inter·

94 3270 233 3344 pretibus
243 3266 441 3342 quibuslibet,
455 3266 489 3322 in
502 3267 591 3324 rebus
597 3265 763 3341 praesertim
770 3264 931 3340 ejusmodi,
944 3267 1108 3342 plurimum

98 3367 188 3427 fidere
201 3366 355 3425 consuevi.
377 3369 414 3422 In
425 3346 550 3443 singulis
562 3384 683 3442 quoque
700 3367 888 3440 Sepulchreti
902 3367 1106 3440 sectionibus,
1138 3360 1143 3371 ’

97 3469 120 3524 si
129 3487 243 3543 paucas
256 3487 293 3523 cx
305 3466 459 3542 prioribus
473 3466 619 3541 excipias,
635 3485 699 3541 quae
711 3466 869 3522 nonsemel
881 3467 1107 3525 observationes

96 3577 216 3643 nntpcr
233 3567 397 3638 incuriam,
416 3577 469 3623 aut
488 3566 527 3623 ob
551 3546 685 3643 lucania
702 3566 958 3623 transformatoris
976 3566 1107 3624 versutia

97 3664 225 3740 lactum,
242 3677 472 3746 proponantur,
486 3677 516 3725 et
533 3665 567 3723 in
581 3666 691 3743 quibus
709 3677 762 3723 aut
780 3683 853 3723 sana
864 3684 923 3741 pro
941 3667 1105 3737 morbidis,

132 4003 173 4074 (1)
193 4002 323 4061 ciceron
332 4003 386 4059 loc.
397 4003 443 4058 citt
