2774 4666
218 474 285 522 nm.
313 477 338 521 1.
367 474 412 522 on
439 462 890 541 nouursmrirrs‚nr1sr.
918 444 979 522 tv(
1027 450 1096 526 233

88 588 472 661 ostenderetnotatu
501 589 668 686 dignum.
698 594 778 660 Hoc
802 614 921 660 unum
945 615 990 661 ex
1019 590 1099 684 ejus

86 707 332 803 *inspectione
350 705 504 804 collegi,
521 731 596 803 qua
611 706 705 777 hora
720 704 867 777 circiter
881 721 976 777 esset
1000 731 1099 776 mor·

89 835 192 895 tuus,
214 827 308 895 Nam
323 848 409 895 cum
427 824 502 894 cibi
517 849 596 899 non
614 839 736 896 essent
759 824 919 921 amplius
945 826 983 894 iu
1011 849 1100 909 ven·

91 941 250 1030 triento,
266 968 391 1039 neque
405 941 481 1012 ulla
499 967 567 1040 per
581 943 857 1013 'mesenterium
878 959 963 1011 vasa
984 941 1101 1012 lactea

91 1074 344 1155 apparerent,
367 1046 461 1129 'hinc
486 1058 672 1155 conjicere
701 1060 866 1156 proclive
894 1072 995 1142 erat,
1021 1081 1100 1128 non

91 1175 218 1245 multo
233 1191 343 1247 antea
359 1200 472 1272 quam
490 1187 682 1249 mortuum
697 1178 937 1261 invenerant,
954 1171 1099 1244 obiisse.

145 1308 209 1362 22:
233 1292 438 1390 Apoplexia
455 1295 583 1364 censui
600 1292 704 1362 hunc
728 1292 957 1362 sacerdotem
982 1289 1103 1361 subla-

93 1423 176 1479 tum
195 1433 296 1496 esse,
313 1433 409 1505 aqua
424 1410 521 1479 intra
538 1410 707 1479 cranium
726 1405 862 1494 effusa,
887 1432 969 1503 quae
992 1405 1102 1478 simul

74 1525 364 1623 'convellendm
390 1525 496 1624 quod·
524 1525 677 1596 brachia
705 1524 941 1615 indicabant,
972 1524 1103 1610 simul,

92 1666 185 1713 cum
205 1645 382 1714 remorati
399 1644 590 1740 sanguinis
605 1644 712 1740 copia
724 1639 1010 1739 comprimendo
1021 1693 1031 1728 ,
1043 1664 1102 1712 ce·

96 1759 257 1831 rebrum
299 1784 341 1830 ac
382 1760 610 1834 cerebeilum
639 1761 927 1831 constrinxisset
962 1763 1102 1830 Fuscus
1152 1758 1155 1766 ‘

93 1879 176 1974 ipse
192 1877 410 1948 medullaris
422 1878 635 1989 substantiae
650 1879 757 1949 color
767 1878 988 1949 sententiam
1004 1898 1103 1946 com·
1131 1876 1135 1880 ’

94 1993 283 2091 probabat
300 2020 443 2084 meam3
471 2008 558 2066 nam
580 1994 767 2092 quidquid
784 1994 878 2065 iltud
896 2009 974 2065 erat
997 1994 1102 2090 quod

94 2113 197 2183 inter
212 2109 326 2211 fibras
341 2112 485 2185 cerebri
501 2115 638 2211 passim
653 2113 881 2211 depositum,
902 2136 984 2184 eam
1000 2112 1110 2184 s'uhse

87 2231 253 2307 tantiam
269 2226 489 2318 infuscabat,
506 2246 689 2327 quantum
705 2232 812 2328 spatii
819 2231 1102 2327 intra‘cranium

97 2345 296 2433 demebat,
312 2361 417 2418 tanto
434 2348 682 2445 perniciosior
698 2361 740 2418 ut
755 2347 972 2417 constrictio
990 2362 1103 2433 esset,

95 2462 294 2535 efficiebat.
313 2465 463 2534 Arteriae
481 2489 635 2560 quoque
652 2486 795 2559 magnae
814 2463 967 2551 vitium,
981 2462 1102 2533 utali-

94 2580 136 2651 bi
152 2582 167 2677 (
176 2579 211 2676 r)
226 2579 431 2685 indicatum
447 2595 519 2667 est,
543 2579 657 2651 credo
680 2579 727 2650 ad
752 2579 985 2678 apoplexiam
1014 2578 1104 2650 infe·

95 2696 256 2769 rendam
270 2698 511 2795 conspirasse·
523 2699 617 2767 Nam
628 2696 733 2793 quod
746 2697 792 2767 de
807 2720 971 2793 syncope
982 2698 1104 2794 'suspi-

40 2908 45 2917 .
96 2802 174 2884 cari
192 2838 340 2913 posses,
370 2837 456 2885 cum
485 2837 567 2910 quae
596 2815 693 2883 intra
711 2815 881 2885 cranium
904 2828 1104 2910 conspecta

43 2930 50 2949 ¹
96 2947 208 3020 sunt,
225 2947 306 3001 tum
323 2930 510 3003 subruber
526 2927 729 3028 ipsefaciei
744 2930 858 3019 livor,
871 2955 920 3001 ne
940 2928 1016 3000 huc
1033 2930 1104 3001 alia

96 3049 256 3136 addam,
288 3051 374 3121 satis
399 3045 602 3119 infirmant.
629 3051 760 3145 Neque
789 3073 810 3119 a
836 3048 1018 3146 polyposa
1040 3048 1103 3121 ilia

97 3168 343 3247 concretione
358 3164 427 3236 tibi
445 3162 550 3235 facile
566 3166 711 3262 imponi
726 3167 838 3252 sinas,
858 3150 967 3263 posse
982 3166 1104 3254 enim,
1139 3148 1142 3153 ¹

97 3301 213 3382 atque
228 3282 323 3355 adeo
337 3306 465 3355 revera
483 3298 752 3381 postmortem
776 3283 975 3381 plerasque
1000 3282 1102 3380 gigni

96 3404 156 3474 vel
180 3404 251 3473 ista
272 3401 452 3496 majorem
479 3414 516 3470 ot
535 3400 822 3497 compactioreS,
849 3401 929 3497 ipse
946 3425 1102 3496 quoque

98 3520 189 3605 alias
202 3516 258 3615 (a)
275 3543 361 3589 cum
377 3519 459 3588 viro
475 3518 698 3604 clarissimo,
722 3516 891 3615 mihique
907 3518 989 3613 jam
1014 3516 1102 3586 inde
1193 3597 1200 3601 .

98 3635 146 3707 ab
162 3660 209 3706 eo
223 3650 395 3735 tempore
411 3659 489 3731 quo
502 3659 609 3706 meus
625 3634 860 3707 hic-auditor
878 3632 949 3705 fuit
964 3659 1102 3730 magno

141 3910 185 3987 (1)
206 3911 301 3985 Epist.
321 3912 351 3979 3,
369 3930 399 3967 n.
420 3928 467 3967 22.
499 3870 503 3889 <

140 4009 184 4087 (2)
204 4011 300 4085 Epist.
319 4017 366 4076 ²4·
