2774 4666
316 407 387 488 224
485 425 531 470 nr
557 420 702 470 sentens
727 425 771 472 nr
797 424 925 528 causrsl
945 427 1155 477 nonronuu

311 561 426 634 quam
445 524 735 626 solent,'cavea,
755 551 860 608 tanto
873 540 997 611 minus
1015 564 1136 613 crassa
1156 542 1306 614 circum·
1375 584 1376 587 π

312 656 410 724 circa
427 653 653 739 substantia,
667 679 715 724 an
734 654 840 751 quod
855 658 986 753 saepius
999 674 1189 730 remorata
1207 661 1309 730 urina

311 769 562 871 distendendo
577 786 812 843 extenuasset
828 774 901 843 ian
915 774 1040 870 potius
1050 774 1097 845 ab
1113 777 1308 847 erosione?
1375 814 1376 821 κ

311 902 353 959 ut
367 887 600 959 subobscure
620 889 829 961 videbatur.
843 895 927 961 Haec
940 892 1067 962 omnia
1079 892 1119 961 in
1129 893 1310 964 renedex=
1375 892 1376 895 ’

312 1022 394 1079 tero
415 1008 532 1103 magis
564 1005 815 1104 apparebant,
836 1009 902 1103 qui
921 1024 959 1080 et
985 1008 1159 1080 cellulam
1183 1010 1308 1081 habuit
1375 1076 1376 1111 3

312 1122 544 1195 mediocrem
558 1149 603 1194 ex
615 1139 721 1221 parte
732 1126 1014 1222 prominentem
1023 1139 1257 1214 extrorsum,
1270 1151 1307 1197 er
1375 1194 1376 1209 ,

312 1255 416 1339 parte
448 1241 488 1309 in
518 1241 620 1334 renis
652 1239 858 1312 substantia
883 1257 1119 1332 excavatam,
1148 1243 1306 1314 humore

310 1360 427 1429 urinae
446 1358 556 1429 simili
576 1357 737 1455 plenam.
756 1361 931 1431 Ureteres
944 1383 1098 1456 quoque
1116 1360 1186 1430 etsi
1200 1360 1306 1431 ambo
1375 1380 1376 1385 ’

312 1490 419 1546 erant
432 1477 483 1545 ita
500 1473 730 1573 amplificati,
751 1490 792 1547 ut
816 1479 1000 1551 continuo
1030 1502 1241 1575 exponam3
1259 1493 1306 1548 ta·

311 1619 400 1664 men
417 1593 674 1691 paulominus
691 1595 839 1665 sinister
854 1590 945 1679 fuit,
964 1619 1077 1691 quam
1091 1594 1236 1667 dexter.
1248 1597 1306 1666 Hic
1375 1600 1376 1647 fl

311 1712 413 1781 enim
433 1735 509 1807 qua
527 1735 573 1780 ex
590 1734 680 1780 rene
706 1709 906 1807 prodibat,
931 1710 1181 1807 gallinaceum
1192 1714 1306 1810 aequa·

309 1826 375 1899 bat
393 1827 571 1911 ovulnm,
593 1827 632 1894 in
648 1850 793 1896 summo
811 1842 1024 1897 truncatum
1039 1854 1049 1914 3
1076 1828 1224 1925 reliqua
1248 1854 1305 1900 au·
1375 1840 1376 1879 ¹

310 1938 387 2015 tem
408 1956 512 2040 parte
531 1942 809 2038 propemodum
828 1956 906 2013 tota
919 1946 1197 2029 ,aortaearteriae
1213 1961 1306 2016 trun·
1375 1958 1376 2045 ᾗ

312 2085 399 2133 cum
411 2059 528 2130 iliacis
549 2060 764 2158 proximum
777 2062 862 2129 'non
882 2060 995 2155 paulo
1014 2061 1229 2158 superabat,
1244 2064 1307 2134 nisi
1375 2060 1376 2149 i

311 2176 416 2276 quod
442 2199 560 2274 prope
595 2200 700 2247 suam
725 2177 764 2246 in
792 2177 954 2248 vesicam
977 2178 1225 2251 insertionem
1245 2180 1303 2250 ali·

310 2308 494 2392 quantum
511 2318 549 2364 se
564 2292 832 2382 contrahebat,
850 2291 995 2365 orificio
1005 2312 1131 2367 autem
1143 2313 1303 2368 extremo
1375 2312 1376 2381 t

310 2412 458 2483 minimi
477 2411 621 2509 apicem
640 2409 746 2507 digiti
764 2412 826 2480 vix
842 2410 1071 2483 admittebat.
1086 2415 1129 2483 ln
1142 2428 1245 2486 tanta
1256 2415 1303 2486 di·

308 2529 485 2601 latatione
503 2542 585 2599 erat
604 2529 759 2625 insuper
775 2529 927 2624 longior
943 2526 1082 2618 factus,
1103 2547 1146 2602 ut
1161 2532 1304 2604 excede·
1375 2548 1376 2619 t

307 2663 365 2719 ret
393 2658 626 2719 transversos
649 2645 785 2743 digitos
811 2646 982 2744 triginta,
1006 2648 1037 2718 si
1068 2650 1301 2737 extenderem
1375 2636 1376 2709 i

258 2854 260 2858 γ
309 2766 442 2865 saepius
463 2765 563 2836 enim
581 2763 656 2835 huc
668 2763 758 2835 illuc
770 2762 818 2833 ad
835 2764 1301 2863 angulumseinflectebat:
1375 2726 1376 2819 i

308 2881 449 2980 quibus
467 2882 507 2951 in
527 2881 620 2953 locis
640 2882 798 2952 interius
814 2906 836 2951 a
856 2884 980 2978 primo
999 2882 1156 2991 vaivulis
1178 2885 1304 2956 instrui

305 2998 524 3086 videbatur,
546 2998 611 3069 sed
635 2998 713 3069 haec
731 3001 898 3096 species,
918 3024 1005 3070 cum
1020 3002 1060 3069 in
1079 3015 1227 3071 rectum
1249 3027 1303 3073 ex·
1375 3010 1376 3059 ἶ

305 3117 499 3204 tendereS,
517 3140 674 3213 prorsus
687 3115 825 3187 abibat.
846 3117 1157 3197 Cumlatitudine
1176 3135 1214 3190 et
1232 3120 1303 3191 lon·
1375 3102 1376 3177 i

305 3232 474 3331 gitudine
493 3249 660 3305 creverat
672 3257 828 3331 quoque
846 3234 1054 3306 crassitudo
1071 3236 1302 3322 tunicarum3

303 3366 345 3421 ut
361 3351 529 3448 proclive
539 3350 634 3421 mihi
651 3348 765 3423 fuerit
779 3351 964 3422 nonnulla
981 3352 1028 3422 de
1042 3350 1180 3422 harum
1196 3371 1301 3426 struc-
1375 3340 1376 3435 i

302 3482 386 3539 tura
406 3470 618 3567 perspicere
639 3493 722 3565 quae
740 3494 819 3539 non
830 3469 891 3540 hic
903 3484 958 3540 est
968 3486 1217 3567 opportunus
1229 3471 1300 3542 des·

211 3613 213 3618 ·
303 3583 475 3657 crihendi
493 3585 609 3656 locus.
632 3589 750 3655 Porro
769 3587 899 3657 vesicae
916 3587 1026 3662 etiam
1044 3588 1180 3658 tunicae
1203 3597 1300 3659 erant

303 3704 503 3777 crassiores
534 3701 658 3773 factae:
688 3704 845 3800 ejusque
865 3700 1005 3776 fundus
1021 3703 1248 3800 quibusdam
1264 3706 1299 3774 in

302 3820 397 3892 locis
421 3818 624 3916 incipiebat
646 3821 754 3917 quasi
780 3819 996 3891 exulcerari.
1024 3825 1130 3908 Haec,
1153 3837 1189 3893 et
1215 3822 1301 3893 colis

304 3939 409 4036 glans
437 3935 569 4007 nuda?
589 3952 668 4008 erat
692 3937 793 4008 enim
813 3938 909 4010 cutis
928 3963 1004 4035 qua
1020 3941 1172 4038 contegi
1191 3940 1300 4024 solet,
