2782 4668
270 410 340 495 (η
436 433 483 480 nn
509 431 654 481 sannas
679 434 724 482 m
748 434 872 484 camis
897 432 1108 483 noanoama

270 569 392 642 eoque
412 545 474 616 alii
492 570 570 617 non
589 548 812 637 credebant,
835 549 895 622 vet
910 549 988 621 sine
1005 573 1134 621 morsu
1155 549 1285 620 saevis-

271 662 400 733 simam
415 687 493 736 esse
504 679 623 735 ortam
635 665 940 764 hydrophobiam
952 692 974 737 a
988 667 1101 737 saliva
1114 681 1285 737 tantum·

271 778 387 850 modo
406 779 444 850 in
474 781 615 853 nudam
641 799 763 855 eutem
794 782 991 855 decidente
1019 782 1086 879 (ι).
1116 788 1285 854 Constat
1385 846 1386 863 ,

272 920 426 993 quoque
450 896 524 969 hoc
543 914 650 971 certae
669 901 838 998 corporis
854 901 952 997 parti
968 902 1070 970 virus
1092 899 1283 987 inditum,

270 1035 366 1111 saepe
380 1012 465 1100 diu,
480 1040 755 1114 nonnunquam
772 1017 873 1115 ipsos
888 1014 1044 1088 fortasse
1054 1016 1189 1112 viginti
1205 1038 1278 1084 an·

270 1154 341 1202 nos
356 1129 428 1226 (α),
441 1156 488 1203 ne
501 1131 622 1204 dicam
634 1132 880 1231 quadraginta
890 1132 962 1229 (3),
975 1131 1088 1202 latere
1104 1133 1185 1203 sine
1195 1130 1281 1201 ulla

269 1271 367 1317 noxa
385 1247 507 1321 donec
523 1247 570 1319 ab
588 1248 729 1346 aliqua,
748 1272 996 1345 quaecumque
1018 1272 1060 1317 ea
1080 1250 1143 1335 sit,
1161 1271 1279 1319 cansa

269 1366 469 1455 excitetur,
486 1390 764 1464 erumpensque
781 1391 826 1437 ex
839 1365 900 1436 illa
911 1366 989 1462 ipsa
999 1361 1153 1435 fortasse
1166 1351 1279 1460 parte

270 1484 309 1553 in
329 1484 432 1571 alias,
452 1497 563 1581 atque
581 1483 670 1556 alias
686 1484 732 1555 ad
756 1483 962 1582 perniciem
983 1479 1146 1553 feratur:
1169 1482 1209 1551 in
1233 1505 1277 1552 ea

271 1602 370 1674 enim
388 1601 468 1700 ipsa
483 1617 588 1701 parte
606 1602 741 1689 latere,
756 1602 903 1699 signnm
921 1599 1015 1670 illud
1030 1598 1200 1670 indicare
1219 1600 1276 1667 vi·

272 1717 382 1789 detur
406 1743 494 1790 mox
519 1744 557 1791 se
584 1718 773 1817 prodituri
801 1715 948 1802 morbi,
980 1714 1084 1812 quod
1103 1716 1281 1785 omnibus
1386 1810 1387 1825 χ

272 1839 439 1931 ignotum
455 1837 573 1907 Salius
592 1837 647 1931 (4)
664 1835 753 1907 olim
762 1841 1003 1933 praecipuum
1025 1848 1062 1902 et
1078 1831 1281 1922 infltllibtle
1386 1878 1387 1903 i

272 1952 552 2038 animadvertit,
566 1952 679 2022 dolor
693 1952 865 2023 videlicet
877 1949 1082 2047 quidam-in
1096 1947 1182 2018 loco
1189 1951 1276 2043 jam
1386 1934 1387 1941 ἵ

272 2092 476 2140 commorso
497 2086 533 2142 et
550 2086 680 2142 sanato
697 2070 873 2155 obortus,
900 2068 966 2163 qui
985 2065 1072 2136 inde
1087 2066 1274 2162 incipiens

262 2210 340 2282 per
355 2203 504 2283 partem
515 2203 606 2284 post
621 2202 773 2284 partem
791 2185 896 2255 brevi
915 2183 960 2254 ad
990 2180 1209 2271 cerebrum,
1235 2197 1274 2253 nt

269 2302 350 2398 ipse
367 2304 577 2393 adnotavit,
602 2320 667 2375 aut
689 2318 788 2374 certe
808 2325 977 2385 sursum,
1008 2315 1099 2396 puta
1120 2323 1142 2369 a
1160 2324 1274 2369 manu

271 2419 436 2506 axillam,
456 2438 492 2492 et
509 2424 703 2493 thoracem
716 2432 864 2509 versus,
881 2434 922 2489 ut
936 2420 1155 2513 Zwingerus
1168 2415 1225 2513 (5)
1241 2431 1275 2488 et

272 2537 677 2632 Scaramttccius(6)‚se
694 2537 870 2609 extendit.
885 2536 981 2625 ‚Quis
997 2558 1088 2606 vero
1103 2558 1274 2632 unquam

273 2650 321 2723 ab
344 2660 517 2750 anginosi
532 2656 642 2727 saliva
663 2656 703 2725 in
720 2670 844 2725 cutem
859 2650 1102 2724 assidentium
1115 2650 1274 2722 decidua

273 2772 450 2870 anginam
466 2771 581 2844 ullam
591 2772 684 2843 vidit
692 2770 1008 2843 communicatam
1018 2823 1029 2856 ‚
1041 2767 1189 2839 nedum
1199 2770 1276 2865 ejus

271 2883 460 2979 fomitem,
480 2891 510 2960 si
526 2886 622 2961 forte
640 2890 941 2961 communicatus
960 2900 1073 2973 esset,
1089 2885 1158 2957 diu
1177 2900 1275 2958 certa
1387 2920 1388 2987 }

270 3007 309 3076 in
327 3023 433 3104 parte
449 3006 647 3096 latentem,
663 3021 776 3104 atque
792 3032 838 3079 ex
857 3003 1104 3109 hachemum
1128 3027 1170 3075 se
1193 3027 1275 3074 exe·
1387 3026 1388 3057 ÷

312 3288 357 3367 (1)
376 3287 451 3366 Eph.
462 3293 500 3348 N.
509 3292 543 3349 C.
557 3294 619 3351 dec.
636 3312 667 3365 1,
678 3292 714 3348 A.
727 3289 745 3345 6
758 3300 787 3346 et
800 3308 835 3361 7,
848 3289 912 3346 obs.
931 3293 996 3354 14²·
1007 3285 1076 3343 Vid.
1088 3294 1119 3340 et
1126 3282 1277 3360 apaan,

267 3389 303 3444 'n
320 3389 365 3446 13.

313 3487 357 3567 (²)
377 3491 449 3549 Dec.
463 3492 529 3548 ead.
544 3492 581 3548 A.
594 3509 614 3567 9
626 3502 657 3548 et
669 3508 722 3561 ιο,
741 3489 806 3546 obs.
823 3489 871 3557 43.
1064 3485 1072 3521 ¹

313 3588 357 3666 (3)
378 3590 549 3666 Vid.Gasp.
567 3591 770 3668 aReiesElys.
779 3587 907 3663 jucund.
925 3586 1037 3656 Quaest.
1050 3583 1155 3657 Camp.
1167 3597 1219 3655 qn.
1228 3576 1272 3646 61,
1387 3624 1388 3649 ¹

274 3709 304 3745 n.
325 3709 372 3746 11.

313 3789 357 3865 (t)
379 3791 413 3847 C.
431 3789 482 3846 cit.

312 3887 357 3965 (5)
379 3887 479 3947 Schol.
497 3889 547 3946 cit.
858 3960 862 3965 Ι

312 3987 355 4065 (6)
377 3989 453 4066 Eph.
467 3989 505 4047 N.
521 3990 554 4046 C.
568 3988 632 4045 dec.
646 3986 678 4059 3,
693 3988 730 4042 A.
742 4003 761 4061 9
771 3994 801 4040 et
814 4003 849 4041 ιο
859 3982 891 4038 in
903 3977 1041 4056 Append.
1060 3996 1092 4033 n.
1108 3974 1138 4031 6.
