2862 4668
288 463 339 509 ur
364 442 545 507 'ornauit
575 463 602 509 J.
635 464 666 508 n.
702 462 945 547 mononem..
1044 454 1048 463 '
1078 465 1123 536 29

115 571 341 673 quibusdam
363 548 675 671 ‘capitlsssorbis
706 578 927 672 sanguinem
954 599 1000 645 ex
1019 577 1121 646 occi-

112 693 186 791 pite
200 692 372 780 mittere,
390 690 497 786 cujus
515 690 736 777 curationis,
758 692 932 788 quaejam
953 693 1019 762 diu
1036 689 1119 762 fieri

112 809 294 898 desierat,
328 823 516 905 ‘tanquam
555 807 751 878 restitutor
786 807 833 878 ab
867 805 1120 897 HoffmannO,

113 925 300 1013 Waltero‚
315 925 472 1020 aliisque
486 924 623 994 merito
641 923 824 994 laudatur.
889 934 892 938 “
963 908 966 913 ⁴

156 1041 278 1113 Duxit
296 1065 453 1137 uxorem
467 1040 618 1111 Paulam
638 1042 856 1137 Vergeriam
868 1041 987 1112 civem
999 1066 1117 1133 suam,

111 1156 231 1228 nobili
254 1180 391 1255 genere
409 1171 557 1246 natam,
578 1180 664 1227 cum
684 1180 758 1255 qua
775 1158 867 1228 vixit
886 1159 1118 1253 conjunctis-

111 1277 223 1363 sime,
242 1289 281 1345 et
299 1300 344 1346 ex
362 1298 436 1373 qua
453 1260 672 1371 quindecim
691 1276 855 1373 suscepit
876 1273 1027 1347 liberos.
1053 1281 1117 1346 In-

109 1408 165 1464 ter
182 1391 258 1463 hos
274 1382 351 1462 tres
369 1391 486 1462 virilis
513 1416 621 1463 sexus
641 1387 813 1481 luerunt,
834 1416 999 1489 quorum
1025 1409 1118 1466 natu
1194 1478 1197 1479 ⁷

109 1511 298 1581 maximus
320 1508 561 1579 matrimonio
582 1532 661 1579 sese
680 1509 805 1604 junxit
822 1533 907 1579 cum
928 1509 1048 1581 nobili
1069 1508 1114 1581 le-

108 1629 211 1699 mina
228 1627 349 1698 Maria
370 1626 561 1725 Serughia.
580 1627 748 1697 Decessit
765 1641 890 1698 autem
906 1653 1007 1698 anno
1024 1626 1115 1726 1766

106 1747 207 1845 patri
225 1743 447 1841 relinquens
466 1769 546 1815 non
563 1744 686 1831 solum
704 1744 952 1849 peracerbum
973 1748 1030 1818 sui
1054 1746 1116 1820 de·
1160 1746 1164 1753 ’

108 1861 313 1948 siderium,
335 1860 528 1940 sedetiam
544 1879 729 1962 nepotum
745 1888 874 1936 curam
891 1890 1005 1962 quam
1022 1866 1117 1937 mira

109 1981 302 2051 alacritate
321 1994 358 2050 et
378 1980 615 2079 providentia
627 1981 812 2054 sustinuit.
830 1982 1008 2055 Filiorum
1024 1982 1118 2054 alter

98 2112 276 2168 ,mortem
297 2095 415 2167 obivit
443 2099 483 2166 in
509 2099 691 2197 pueritia,
716 2098 811 2169 alter
838 2100 1006 2170 societati
1031 2105 1118 2175 Jesu

108 2239 254 2287 nomen
275 2212 389 2285 dedit.
409 2213 585 2283 Filiorum
604 2238 695 2284 vero
710 2229 873 2311 quatuor
894 2215 1117 2287 occiderunt

106 2336 148 2404 in
174 2334 305 2421 cunis3
338 2331 490 2429 reliquae
519 2356 598 2404 sese
625 2335 705 2403 Deo
728 2332 892 2431 virgines
918 2322 1113 2405 voverunt.

107 2452 191 2521 Fuit
207 2453 448 2521 Monctcuus
459 2464 599 2520 statura
609 2473 744 2550 magna
757 2466 794 2521 et
805 2448 966 2522 'venusta
983 2449 1115 2548 ligura,

107 2567 220 2638 hilari
240 2583 278 2639 et
296 2567 380 2638 laeto
398 2567 525 2656 vultu,
542 2564 653 2639 fulvis
673 2566 838 2666 capillis,
868 2569 987 2653 oculis
1002 2594 1114 2640 caeru·

110 2685 198 2773 leis,
225 2701 263 2756 et
283 2684 331 2756 ad
351 2679 537 2755 summam
556 2684 786 2757 senectutem
805 2709 893 2758 usus
921 2700 976 2757 est
1000 2688 1118 2758 sensi-

110 2801 182 2875 bus
201 2818 240 2875 et
258 2803 473 2879 valetudine
492 2804 659 2901 ‘optima3
683 2802 730 2873 ad
750 2801 849 2874 hanc
872 2818 998 2873 autem
1025 2828 1117 2874 con-

112 2918 333 2991 servandam
359 2908 582 3017 plurimum,
597 2916 819 2989 conduxisse
848 2918 991 3015 putavit
1014 2917 1117 3015 quod

111 3036 274 3134 simplici
287 3035 387 3105 victu
400 3088 411 3123 ,
426 3036 638 3132 vestituque
652 3052 810 3130 semper¹
820 3034 1025 3108 delectatus
1039 3052 1116 3127 est,

111 3153 217 3252 quod
239 3176 317 3223 non
341 3149 449 3222 facile
474 3166 625 3248 tempus
643 3138 841 3222 variaverit
867 3153 1040 3225 sumendi
1065 3156 1118 3225 ci-

109 3271 201 3344 bum
238 3268 550 3367 dormiendique,
590 3267 772 3368 quodque
801 3269 874 3340 sibi
905 3269 960 3341 ab·
981 3272 1118 3343 intem-

111 3391 215 3488 perie
239 3387 323 3459 coeli
346 3386 495 3458 caverit.
520 3387 670 3485 Optime
691 3383 863 3484 prolecto
883 3386 930 3458 ad
951 3391 1118 3462 Nestoris

111 3509 230 3580 instar
245 3506 346 3576 inter
363 3506 469 3576 vivos
491 3505 584 3602 egit,
603 3502 733 3575 floruit
753 3506 864 3574 etiam
883 3507 1118 3604 egregiarum

113 3626 228 3717 animi
244 3623 394 3694 dotium
407 3623 580 3720 integer,
598 3647 717 3721 usque
738 3620 830 3725 dum
849 3625 1012 3694 animam
1038 3629 1119 3699 Deo

114 3745 173 3842 pie
183 3741 412 3841 placideque
422 3739 598 3813 redderet
610 3741 671 3812 die
684 3740 787 3813 sextat
801 3740 1012 3813 decembris
1020 3767 1122 3815 anuo

114 3859 227 3957 hujus
255 3857 375 3931 seculi
407 3861 683 3957 septuagesimo
713 3861 861 3958 primo,
892 3885 978 3931 cum
1007 3861 1122 3931 vitam

113 3960 380 4063 honestissime
389 3975 613 4071 traduxisset
624 3979 723 4051 ultra
731 4002 851 4061 anuos
865 3978 912 4074 89
924 3992 962 4055 et
977 4000 1125 4055 menses
