2774 4666
302 459 371 530 186
464 485 512 530 na
538 482 683 532 surinus
708 486 752 531 ar
777 484 901 535 caus1s
926 487 1136 537 uouaonuu

261 619 265 626 ·
298 623 413 696 quam
440 600 659 671 conveniret
681 598 744 670 illa
768 602 974 698 praesertim
1000 616 1127 692 atate,
1146 620 1294 702 repente
1374 680 1375 683 ,

256 773 261 780 ,
297 740 343 788 ex
357 716 492 806 alacri,
515 730 552 789 et
567 714 693 789 vivido
713 719 792 790 sine
806 719 906 809 ulla,
924 744 1007 818 quae
1023 720 1177 818 quidem
1187 746 1295 820 appa·

295 849 417 924 reret,
450 859 560 907 causa
588 834 860 925 tardiusculus,
874 866 879 871 ·
893 852 931 908 et
959 837 1130 911 obtusior
1162 837 1293 927 factus,

295 952 424 1052 paucis
442 969 528 1051 post
543 952 699 1043 diebus,
714 978 803 1057 cum
814 940 924 1027 mane
941 956 1099 1054 pristina
1111 957 1174 1056 illa
1190 958 1295 1028 comi·

295 1083 369 1142 tate
386 1125 396 1160 ,
424 1086 461 1170 et
490 1070 678 1143 alacritate
694 1072 793 1143 inter
812 1096 900 1173 suos
916 1086 1105 1163 versatus,
1131 1074 1242 1146 etiam
1259 1077 1294 1145 in
1379 1110 1380 1115 κ

293 1176 475 1286 prandio,
502 1185 654 1274 fuisset,
684 1190 860 1260 inventus
892 1203 946 1261 est
974 1204 1104 1288 postea
1131 1193 1170 1261 in
1203 1191 1293 1263 lecto
1317 1287 1321 1294 .
1379 1214 1380 1253 1

295 1301 420 1394 fusus,
441 1329 556 1402 quern
582 1307 727 1376 vomitu
746 1305 1021 1396 sordidaverat,
1046 1309 1222 1381 manibus
1239 1334 1294 1380 ca·

167 1463 170 1471 ,
220 1480 222 1483 ,
292 1437 384 1519 put,
411 1437 454 1493 ut
471 1423 501 1494 si
515 1425 598 1521 ipso
615 1423 822 1513 laboraret,
843 1423 1003 1497 subinde
1020 1427 1292 1525 comprimens,

293 1541 372 1612 sine
389 1541 559 1638 loquela,
578 1556 615 1613 et
628 1543 743 1640 paulo
761 1557 851 1640 post
862 1544 941 1615 sine
957 1559 1074 1645 motu.
1089 1548 1292 1618 Accersitus

292 1658 461 1730 medicus
487 1684 622 1731 venam
653 1660 771 1731 secari
794 1658 922 1756 jubet,
948 1648 1057 1732 unde
1080 1661 1292 1734 meliuscule

291 1774 431 1848 habere
448 1778 549 1848 visus
560 1792 625 1849 est.
639 1778 800 1875 Spiritus
813 1762 1292 1875 quoque'salisammoniaci

281 1907 371 1963 ,turn
388 1892 436 1964 ad
453 1918 562 1966 nares
578 1894 751 1965 admotus
767 1896 838 1984 est,
856 1910 936 1966 turn
961 1921 1099 1993 paucas
1110 1896 1158 1967 ad
1175 1911 1293 1994 guttas

290 2008 489 2082 exhibitus.
512 2016 600 2082 Mox
626 2013 665 2082 in
688 2014 854 2110 priorem
875 2013 1145 2085 resolutionem
1165 2030 1293 2113 torpo-
1379 2098 1380 2119 Χ

288 2151 447 2223 remque
462 2128 643 2200 relabitur
660 2131 712 2201 sic
727 2145 852 2201 tamen
868 2145 911 2201 ut
926 2155 1008 2227 quae
1019 2131 1216 2222 dicautur,
1232 2133 1291 2203 ali·

289 2244 444 2342 quando
474 2246 682 2343 intelligere
705 2250 815 2319 certis
839 2272 883 2318 ex
914 2248 1070 2320 nutibus
1094 2248 1290 2322 videatur:

287 2363 419 2461 pulsus
450 2378 505 2434 est
537 2362 714 2453 humilis,
746 2380 859 2461 atque
885 2366 1154 2456 intermittens,
1176 2382 1291 2466 'prata

287 2480 548 2577 respiratione,
557 2481 683 2577 aliqua
699 2481 745 2552 ad
760 2507 802 2553 os
820 2507 962 2579 spuma.
979 2486 1081 2577 Quas
1093 2484 1143 2554 ob
1158 2510 1222 2558 res
1239 2512 1293 2556 cu-

271 2597 481 2678 curbitulae
493 2600 754 2695 imperantur:
776 2597 844 2670 bas
858 2625 944 2670 cum
963 2601 1003 2670 in
1024 2600 1137 2673 dorso
1156 2600 1291 2674 defixas

286 2740 365 2785 non
382 2716 575 2804 sensisset,
601 2714 804 2788 feminibus
826 2716 1014 2789 adhibitas
1037 2718 1132 2790 adeo
1156 2722 1290 2808 sensit,

285 2848 415 2904 utnon
427 2833 543 2906 modo
555 2837 682 2906 nescio
695 2834 788 2931 quid
800 2835 1037 2925 inclamaret,
1054 2836 1119 2908 sed
1132 2852 1169 2908 et
1179 2862 1289 2909 manu

283 2952 365 3024 illas
382 2976 556 3047 amovere
579 2966 748 3024 tentaret.
772 2956 914 3022 Verum
930 2955 975 3023 iis
991 2978 1073 3050 quae
1090 2957 1288 3028 novissime

284 3068 383 3140 dicta
401 3086 489 3140 sunt
502 3069 640 3158 ,finalis
662 3069 937 3168 perstantibus,
957 3070 1149 3168 prioribus
1166 3088 1287 3146 autem

282 3185 355 3259 illis
376 3210 464 3255 mox
483 3185 750 3275 redeuntibus,
764 3186 858 3257 hora
884 3170 1171 3260 noctis-circiter
1190 3214 1287 3261 nona

282 3303 406 3374 vivere
429 3303 547 3374 desiit.
636 3368 640 3377 ,
857 3288 860 3291 ,

332 3421 497 3492 Cadaver
518 3422 718 3519 postridie,
738 3424 805 3519 qui
824 3422 903 3495 dies
918 3420 988 3495 fuit
1002 3426 1045 3493 X.
1067 3420 1147 3495 Kal.
1164 3427 1286 3522 janua·

282 3539 566 3637 riasanni1703¹
589 3541 847 3637 inspicientes,
874 3566 996 3629 suras,
1023 3557 1060 3613 et
1078 3546 1286 3640 posteriora

281 3655 487 3744 femorum,
514 3658 679 3754 aliasque
703 3659 743 3728 in
773 3682 867 3755 quas
894 3660 1081 3756 jacuerat,
1109 3678 1238 3759 partes
1265 3686 1284 3731 a

281 3777 462 3873 sanguine
477 3776 543 3872 qui
563 3802 612 3846 eo
629 3774 877 3865 decubuerat,
894 3778 1055 3848 multum
1077 3778 1194 3867 livere
1209 3780 1284 3850 ani·

280 3893 559 3964 madvertimus.
572 3894 711 3992 Capitis
726 3894 856 3983 etiarn,
875 3895 978 3992 quod
991 3878 1109 3966 unum
1118 3895 1283 3981 dissecui,

239 4005 242 4011 ’
280 4036 367 4082 cum
388 4012 645 4108 integumenta
665 4011 893 4103 inciderem,
909 4028 1028 4111 atque
1044 4013 1284 4097 diducerern,
