2780 4666
181 438 250 486 mn.
277 438 303 483 1.
332 434 377 483 nn
404 431 539 481 nonus
564 404 860 494 cnr1r1s,n‘r1sr.
888 431 922 475 r.
989 405 1055 477 301

55 555 100 624 in
119 551 274 626 consilio
290 548 454 648 quodam
475 545 530 646 (ι)
549 570 620 644 pro
643 544 837 616 laborante
858 543 990 641 pulsus
1005 545 1061 613 in·

55 672 295 744 termissione
322 667 547 739 decimariis
561 663 632 736 Sed
659 664 887 760 quicumque
917 661 1062 758 primus

57 788 119 861 vel
133 802 219 860 aute
232 785 391 858 Rodium
410 783 632 871 instituerit3
652 783 837 869 Antonius
850 779 1061 877 Heydiusin

56 906 103 977 iis
139 900 468 977 observationibus
491 923 585 996 quas
610 897 726 970 edidit
750 922 851 968 anno
885 897 977 971 1683
1006 896 1061 993 (2)

55 1047 144 1095 cum
162 1022 362 1120 aliquoties
386 1021 427 1089 in
454 1016 613 1088 canibus
636 1040 704 1114 per
723 1016 907 1087 cruralem
927 1039 1061 1086 venam

57 1165 185 1213 aerem
211 1127 430 1234 injecisset,
452 1133 741 1221 animadvertit,
769 1132 968 1230 strependo
991 1157 1064 1230 per

59 1257 251 1328 abdomen
263 1309 289 1355 ,ι
304 1268 491 1324 momento
507 1254 598 1343 fere
630 1256 804 1348 temporis
830 1274 896 1320 cor
910 1266 1062 1348 petere:

60 1399 192 1445 canem
214 1370 510 1443 convulsionibus
535 1374 688 1465 corripi,
714 1373 1011 1465 reqrirationem,
1029 1384 1067 1439 et

59 1491 183 1563 cordis
202 1500 629 1584 motum,⁴quantum·est
636 1491 852 1583 percipere,
872 1488 1064 1558 subsistere

59 1610 182 1696 adeo,
202 1623 244 1678 ut
259 1612 364 1677 canis
368 1630 443 1705 pro
459 1621 608 1676 mortuo
626 1586 831 1674 dissecetur.
848 1607 953 1676 Tunc
967 1632 988 1676 e
1001 1632 1063 1678 vu-

60 1732 108 1797 sis
125 1722 423 1795 intereostolibus
434 1720 531 1791 nttztt
540 1726 730 1817 sanguinis
738 1723 900 1819 effluere
916 1725 1062 1822 Aperte

55 1859 232 1941 pectore,
246 1853 387 1911 motum
399 1844 437 1908 in
457 1838 580 1909 cordis
596 1837 735 1911 dextra
757 1839 929 1910 auricula
941 1842 1065 1912 obser·

64 1966 160 2049 vari,
190 1957 257 2031 diu
273 1967 583 2055 perseverantem.
615 1959 688 2026 Cor
711 1981 789 2026 una
814 1981 896 2027 cum
927 1957 1063 2028 dextra

63 2074 237 2148 auricula
248 2098 323 2147 esse
339 2072 456 2143 valde
469 2097 693 2171 expansum,
710 2077 841 2170 ecujus
851 2075 1066 2147 ventriculis

62 2192 284 2264 detruncato
303 2214 415 2278 cono,
433 2214 685 2287 prorumpere
692 2195 821 2287 primo
833 2217 976 2289 purum
989 2218 1064 2289 pu.-

64 2324 138 2380 tum
164 2333 309 2395 aerem,
334 2306 506 2404 deinceps
528 2330 741 2404 spumosum
770 2315 1006 2404 sangumem,
1030 2326 1068 2381 et

63 2425 215 2519 taudem
232 2448 400 2495 cruorem
403 2423 582 2521 fluidum.
605 2422 792 2520 Heydiuni
809 2450 888 2496 nou
905 2427 992 2498 satis
1011 2452 1068 2499 ae·

64 2545 110 2616 ris
143 2543 364 2630 immisisse,
392 2555 456 2612 aut
476 2556 579 2612 certe
594 2565 674 2611 non
694 2541 838 2612 tamdiu
858 2544 1065 2616 sectionem

64 2661 270 2748 distulisse,
297 2652 478 2757 quamdiu
494 2658 541 2728 ad
562 2682 719 2756 prorsus
739 2654 991 2730 occidendum
1009 2687 1067 2732 ca-

63 2803 150 2849 nem
173 2775 463 2874 requirebatur,
497 2799 543 2845 ex
569 2777 779 2865 Bruuueri,
809 2790 846 2847 et
864 2768 1067 2848 Camerarii

64 2892 329 2992 experimentis
354 2889 461 2963 facile
482 2891 715 2990 intelligitur.
736 2894 831 2964 Nam
852 2896 1069 2969 Brunnerus

65 3010 117 3108 (3)
138 3010 398 3109 experimento
419 3008 466 3078 ad
487 3008 663 3080 eumdem
686 3009 841 3081 modum
865 3008 1068 3103 inchoato,

65 3143 99 3201 et
118 3127 282 3200 stridore
300 3127 340 3196 in
357 3125 574 3224 praecordiis
592 3124 739 3216 audito,
755 3151 840 3198 curn
851 3129 965 3226 paulo
982 3144 1068 3234 post

64 3270 199 3318 canem
216 3258 423 3317 ceutetano
440 3257 679 3341 correptum,
697 3246 986 3320 concitatissime
994 3274 1069 3322 res·

64 3365 271 3461 pirantem,
299 3375 605 3460 prostratumque
630 3361 749 3432 instar
770 3378 873 3434 certo
893 3367 1070 3438 morituri

62 3480 237 3569 vidisset,
247 3495 285 3552 et
295 3493 511 3577 tamenpost
521 3477 679 3576 aliquod
693 3492 842 3577 tempus
852 3485 1067 3573 surrexisse,

101 3780 148 3860 (ι)
169 3779 310 3838 Consulti
320 3779 443 3837 Medici.

101 3881 147 3960 (a)
169 3883 257 3940 Ceut.
276 3881 349 3938 Obs.
367 3878 475 3936 Medic.
492 3877 565 3937 Obs.
582 3895 633 3953 9⁰·

100 3981 146 4060 (3)
168 3981 287 4040 Comm.
300 3980 332 4036 in
343 3982 445 4038 Panct.
458 3977 586 4039 Secund.
600 3998 626 4036 c.
640 3996 669 4054 9.
