2780 4666
300 459 370 531 292
465 455 512 503 Μ
538 450 683 505 §sursus
706 453 751 499 ΕΤ
776 450 899 501 causts
923 451 1131 500 HORBORUM

296 569 438 643 tudine.
459 571 554 640 Vasa
573 580 696 637 autem
714 565 853 661 ipsius,
880 579 917 637 et
942 566 1046 638 sinus
1072 565 1196 637 inania
1220 590 1287 664 po·

233 712 237 718 ·
295 688 390 775 tius,
406 707 518 782 quam
533 681 662 781 plena,
676 679 863 778 quidquid
883 680 1074 756 habebant
1090 683 1285 779 sanguinis,

297 805 377 876 sine
397 802 472 872 ulla
494 799 553 871 vel
571 799 725 873 minima
743 799 991 872 concretione·
1006 798 1216 889 habebant,
1250 816 1287 871 ut

295 921 337 991 in
361 933 441 991 toto
461 917 536 988 hoc
559 916 738 991 cadavere
760 939 949 1013 nusquam
977 917 1197 1014 sauguinem
1220 918 1287 988 nisi

295 1034 452 1109 fluidum
472 1032 748 1114 offenderimus.
775 1032 848 1106 Sed
870 1057 1078 1129 nusquam,
1103 1034 1177 1106 nisi
1194 1035 1287 1105 intra

297 1154 482 1240 cranium,
509 1151 548 1225 id
578 1149 757 1238 vidimus,
785 1149 893 1245 cujus
916 1151 1155 1247 potissimum
1186 1174 1286 1222 eausa

295 1268 469 1343 hanctibi
478 1266 671 1338 historiam
685 1263 968 1337 describendam
978 1268 1134 1362 suscepi.
1147 1266 1287 1337 Scilicet

295 1383 506 1483 sanguifera
519 1406 611 1454 rasa
632 1406 712 1479 quae
735 1383 829 1485 etin
848 1381 1041 1477 superiore
1067 1379 1285 1453 dissectione

294 1516 501 1581 memorata
517 1513 624 1587 suut,
643 1521 755 1595 supra
767 1496 948 1569 callosum
959 1519 1099 1595 corpus
1110 1497 1286 1584 traducta,

294 1643 379 1691 aere
400 1643 486 1689 cum
507 1639 627 1715 pauco
654 1610 737 1686 sero
761 1614 974 1685 intermisto
991 1613 1155 1687 distenta
1175 1628 1282 1687 erant

294 1738 353 1808 Sic
372 1735 436 1807 illa
454 1757 607 1832 quoque
629 1731 782 1819 arteria,
805 1756 888 1828 quae
911 1754 980 1828 per
998 1729 1119 1802 basim
1141 1729 1286 1804 ducitur

294 1852 464 1925 medullae
488 1839 696 1947 oblon'gatae
710 1874 756 1918 ex
774 1828 1052 1920 confluentibus
1073 1847 1284 1919 vertebrali·

293 1971 366 2045 hus
380 1984 480 2057 orta,
498 1983 534 2039 et
546 1966 616 2037 alia
629 1981 806 2064 praeterea
817 1988 886 2062 per
899 1966 1131 2062 superiorem
1146 1964 1283 2038 cerebri
1371 1968 1372 2049 j

294 2085 531 2186 superficiem
554 2107 639 2156 vasa
655 2082 702 2154 ab
720 2082 867 2155 incluso
885 2105 970 2155 aere
988 2079 1150 2157 distenta
1171 2083 1284 2181 pellu-
1371 2076 1372 2109 ⁴

295 2203 439 2275 cebant.
595 2282 597 2287 ,

347 2320 400 2391 18.
418 2321 494 2392 Etsi
508 2318 622 2417 hujus
636 2334 712 2391 tam
723 2320 927 2417 repentina
940 2319 1073 2392 mortis
1085 2342 1205 2391 causae
1214 2318 1283 2389 alia

294 2438 449 2523 minime
473 2439 572 2508 intra
597 2438 765 2508 cranium
782 2434 960 2529 ridentur
986 2434 1169 2524 defuisse,
1194 2438 1284 2508 sica

292 2556 464 2656 placeant
488 2579 569 2652 quae
593 2556 762 2651 proxima
780 2555 938 2651 epistola
967 2555 1162 2652 proposita
1187 2565 1283 2637 sunt;

292 2689 417 2749 tamen
437 2672 513 2745 sive
531 2669 611 2745 illas
633 2694 713 2740 non
734 2672 892 2743 omuino
914 2670 1044 2742 credas
1062 2669 1125 2741 hic
1149 2665 1283 2740 satisfa-

294 2814 397 2878 cere3
432 2790 507 2861 sive
541 2786 640 2861 hanc
670 2788 857 2885 praecipue
893 2800 1121 2884 postremam
1155 2800 1282 2882 putes,

293 2905 611 3006 quandocumque
621 2904 796 2991 occur‘rit,
805 2926 884 2975 esse
899 2898 1185 2990 attendendam
1198 2898 1282 2998 quid

293 3025 341 3096 de
353 3030 433 3122 ipsa
446 3044 636 3108 censeam,
649 3019 709 3090 vel
726 3020 851 3116 potius
863 3018 1079 3113 conjiciam,
1094 3018 1140 3089 iis
1150 3032 1282 3115 specta·
1370 3108 1371 3115 ἵ

293 3141 341 3215 tis
353 3139 520 3235 quaejam
538 3138 636 3213 cirea
647 3135 761 3231 hujus
774 3136 921 3209 initium
941 3134 1064 3207 saeculi
1076 3135 1281 3231 proposita,

178 3315 181 3319 .
294 3271 331 3326 et
340 3254 525 3351 disputata
535 3251 582 3329 ab
594 3252 696 3324 Italis
706 3249 870 3340 fuerant,
885 3275 964 3321 non
979 3249 1281 3347 reticeboldque
1370 3242 1371 3259 ¹

294 3396 340 3445 eo
349 3369 527 3442 libentius
536 3366 689 3456 faciam,
706 3367 811 3465 quod
828 3392 907 3439 nou
920 3365 1034 3461 hujus
1045 3380 1212 3451 tantum,
1223 3361 1281 3439 sed

294 3504 331 3562 et
348 3488 508 3558 aliorum
526 3484 779 3582 quorumdam
800 3482 1020 3581 sanguinem
1042 3480 1282 3555 animadverti

293 3627 513 3703 spumosum
526 3655 537 3689 ,
550 3616 587 3674 et
607 3602 704 3673 aeris
719 3601 831 3674 bullis
848 3601 1076 3677 distinctum.
1092 3602 1213 3698 Igitur
1229 3595 1281 3671 vel

293 3720 501 3795 secuudum
517 3733 689 3789 naturam
707 3743 831 3805 aerem
849 3719 890 3788 in
908 3716 1135 3793 humoribus
1150 3718 1280 3799 inesse,
1369 3758 1370 3765 κ

293 3856 329 3911 et
347 3836 570 3910 nominatim
579 3837 828 3933 insanguine,
847 3849 993 3909 certum
1006 3849 1085 3923 est;
1101 3832 1279 3931 siquidem
1369 3876 1370 3921 3

293 3954 479 4053 ambiguis
494 3954 635 4026 ceteris
653 3952 943 4052 probationibus
964 3952 1131 4041 omissis,
1152 3952 1184 4027 si
1206 3971 1281 4046 seg·
1369 3950 1370 4005 ἶ
