2784 4668
317 417 386 502 144
479 432 527 501 ps
552 430 698 482 scurrus
723 433 768 481 nr
786 431 917 483 causis
942 428 1157 481 nonronuu

313 548 450 625 cabant
472 544 652 621 subviridi
678 544 806 619 colore
833 547 959 621 tincta.
980 547 1104 618 Renes
1124 546 1231 644 parvi
1251 548 1321 619 visi

314 681 402 739 sunt
420 690 492 763 pro
513 664 684 762 corporis
706 661 817 735 mole.
840 660 1006 737 Valvuiae
1025 659 1180 733 orificiis
1197 661 1323 735 cordis
1383 718 1384 733 ,

216 828 219 831 -
313 807 397 882 quae
421 807 604 855 venosum
631 783 852 880 sanguinem
873 779 1098 870 admittunt,
1119 778 1321 893 praefectae,

313 899 363 972 ab
375 916 424 973 'ea
443 896 535 972 facie
554 924 634 996 qua.
656 912 825 997 spectant
851 899 952 970 inter
976 923 1036 987 sc,
1057 898 1253 970 nonnullae
1272 898 1321 970 ad

314 1017 475 1089 limbum
494 1017 785 1114 protuberantes
807 1017 914 1114 quasi
936 1015 1133 1115 glandulas
1150 1016 1323 1090 ostende·

315 1152 425 1224 runt,
446 1161 530 1234 quae
549 1162 595 1208 ex
615 1134 731 1213 densa
749 1137 871 1224 intus,
897 1133 1085 1234 firmaque
1115 1136 1323 1212 substantia

314 1252 667 1352 compingebantur.
683 1250 754 1323 Sed
773 1275 795 1321 a
813 1265 944 1323 ventre
962 1264 1001 1323 et
1018 1248 1173 1326 thorace
1191 1278 1240 1330 eo
1259 1254 1323 1326 de-

314 1397 420 1445 mum
440 1395 519 1469 quo
541 1384 729 1468 expectas,
748 1368 796 1440 ad
816 1369 1017 1442 cerebrum
1044 1372 1170 1444 venio.
1199 1371 1321 1468 Hujus
1383 1396 1384 1399 ’

287 1542 289 1547 ,
315 1488 620 1587 hemisphaerium
646 1485 843 1557 dexterum
868 1484 1083 1557 inchoatam
1110 1485 1181 1560 snb
1212 1490 1320 1560 tenui

314 1614 493 1709 meninge
528 1604 751 1682 effusionem
789 1607 981 1706 sanguinis
1014 1602 1237 1681 ostendebat
1277 1630 1321 1678 ea

315 1745 421 1829 parte
436 1752 511 1826 qua
530 1728 721 1799 sinistrum
735 1724 783 1797 ad
798 1727 985 1798 anteriora
1003 1725 1215 1824 contingit:
1233 1747 1320 1797 rasa

291 1842 713 1944 ,quoquerturgidiorm
733 1866 847 1939 quam
874 1844 1076 1915 sinistrum.
1100 1846 1145 1915 In
1168 1839 1245 1915 hoc
1266 1855 1321 1915 ta·

315 1986 426 2050 men,
446 1960 554 2056 cujus
567 1975 768 2059 propterea
785 1984 871 2031 vasa
890 1976 997 2033 erant
1015 1959 1319 2061 minusturgida,
1383 1970 1384 2053 j

315 2102 451 2178 magna
470 2077 572 2150 intus
590 2078 697 2176 quasi
721 2078 762 2149 in
780 2075 907 2150 medio
928 2075 1067 2150 latebat
1093 2084 1261 2151 caverna
1279 2078 1319 2149 in

317 2196 517 2271 medullari
530 2192 736 2268 substantia
751 2194 959 2267 secundum
972 2194 1250 2295 longitudinem
1259 2218 1325 2268 ex·
1383 2216 1384 2245 t

275 2376 280 2385 ,
317 2327 460 2402 cavata,
480 2314 686 2412 nigerrimo
706 2314 977 2387 semiconcreto
996 2315 1178 2412 sanguine
1195 2309 1319 2411 plena.
1383 2322 1384 2327 ’

316 2433 404 2527 Ejus
429 2433 591 2529 parietes
615 2455 781 2503 caverna
805 2457 885 2503 non
912 2430 1028 2503 modo
1054 2443 1162 2502 erant
1181 2414 1318 2528 passim
1383 2476 1384 2499 i

316 2549 492 2638 lacerati3
512 2548 576 2621 sed
598 2573 667 2647 per
685 2546 875 2640 foramen,
894 2549 1007 2649 digiti
1023 2550 1167 2647 apicem
1189 2544 1322 2619 admit·

315 2681 418 2756 tens,
438 2682 592 2766 pertuso
607 2690 768 2767 corpore
783 2669 931 2756 striato,
950 2669 989 2739 in
1005 2663 1261 2740 ventriculum
1278 2663 1322 2737 si·
1383 2652 1384 2679 ¹

316 2786 477 2856 nistrum
497 2784 675 2881 patebant
691 2813 699 2854 ε
719 2783 790 2856 hac
805 2786 864 2856 ria
879 2784 1041 2856 multum
1056 2780 1321 2881 sanguinolen·
1383 2874 1384 2883 ἵ

247 2943 248 2946 ¹
315 2918 397 2977 tum
413 2924 537 2975 serum
557 2901 760 3001 pervasisse
779 2898 998 2990 videbatur,
1013 2899 1118 2999 quo'd
1132 2922 1221 2970 eum
1236 2921 1323 2971 ven·
1383 2980 1384 2991 χ

315 3025 513 3114 triculum,
533 3039 570 3096 et
591 3023 795 3095 dexterum
810 3046 993 3123 quoque,
1012 3023 1190 3119 disrupto,
1212 3032 1320 3120 septo

317 3139 462 3225 lucido,
482 3140 671 3239 opplebat.
688 3144 806 3212 Porro
821 3137 946 3227 fornix
961 3155 1039 3212 erat
1060 3135 1320 3238 integer,pie·

250 3260 252 3264 ’
316 3276 460 3355 susque
498 3256 698 3331 choroides
721 3285 729 3328 ε
756 3258 933 3330 cerebelli
964 3272 1089 3329 autem
1120 3279 1209 3327 vasa
1238 3266 1321 3328 toto

315 3400 471 3475 quoque
487 3376 636 3447 sinistro
654 3376 770 3450 latere
788 3377 948 3448 maxime
963 3374 1122 3473 turgida

368 3491 398 3565 5.
428 3494 596 3593 siquod
625 3493 793 3584 aiebant,
818 3496 901 3592 ipso
933 3494 1120 3567 viscerum
1147 3491 1320 3567 examine

314 3609 418 3682 haud
442 3611 650 3709 plurimum
677 3636 765 3684 sane
791 3624 1046 3712 repugnante,
1072 3622 1204 3683 verum
1231 3607 1319 3698 fuit,
1383 3680 1384 3713 ,

315 3712 459 3809 morbis
477 3727 990 3827 hunchominemnunquam
1000 3724 1320 3814 fuissetentatnm3
1383 3750 1384 3795 3

315 3860 402 3944 post
418 3861 494 3918 tam
515 3830 668 3945 longam
687 3844 995 3943 tranquillitatem
1011 3857 1171 3943 quanta,
1193 3856 1238 3915 ut
1260 3866 1318 3915 so·
1383 3834 1384 3911 ἶ

314 3963 384 4053 let,
398 3978 436 4038 et
450 3989 565 4063 quam
580 3963 760 4039 diuturna
768 3960 942 4050 fortasse,
961 3972 1163 4064 tempestas
1175 3960 1319 4059 impen·
1367 3998 1384 4063 g
