2782 4668
283 450 354 542 364
445 478 491 525 uu
518 477 663 527 surmus
687 478 731 525 ar
756 478 880 527 causis
905 478 1115 526 uoaaoamu

283 590 435 688 quibus
444 593 553 664 annis
562 591 820 690 superioribus
831 593 1008 666 vivebant
1019 593 1141 678 adhuc
1150 597 1295 663 Corne-

282 706 531 798 liusDen'tius,
542 711 599 781 vir
609 711 798 808 patricius,
809 715 876 808 qui
886 713 1015 799 multa,
1027 727 1064 783 et
1075 712 1139 782 diu
1148 711 1294 782 emissa
1388 728 1389 799 ξ

281 826 409 912 urina,
428 842 464 898 et
482 829 649 925 Ignatius
663 830 900 917 Garavinius,
915 831 1132 927 ingeniosus
1147 824 1294 925 opifex,

283 945 350 1038 qui
367 942 450 1014 alvo
468 946 579 1015 etiam
598 945 737 1033 soluta,
754 948 1037 1018 convaluerunt.
1059 947 1219 1018 Cireiter
1235 941 1294 1014 fe·

282 1058 425 1131 bruarii
441 1058 555 1132 finem
583 1062 776 1135 subsultus
807 1064 962 1161 quidem
995 1063 1224 1150 convulsivi,
1256 1075 1296 1132 ct

175 1200 178 1209 ¹
279 1177 470 1275 ,singultus
480 1234 489 1267 ,
499 1179 649 1271 ‚etlivor
662 1179 709 1251 ab
720 1182 765 1251 iis
779 1179 945 1254 febribus
957 1182 1128 1269 aberant3
1144 1178 1213 1250 sed
1228 1203 1295 1248 ac-

285 1295 418 1367 cedere
435 1288 565 1367 deliria
583 1298 820 1396 inceperant,
840 1325 919 1370 non
939 1316 1064 1371 tamen
1083 1297 1297 1368 vehemen-

284 1412 353 1500 tia,
364 1427 399 1483 et
414 1428 503 1483 tunc
513 1414 635 1490 solum
644 1439 730 1485 cum
742 1413 856 1489 febris
864 1430 1088 1515 augesceret.
1105 1414 1296 1483 Sicetiam
1389 1502 1390 1513 ἵ

284 1527 407 1601 affecti
424 1548 621 1612 evaserunt
635 1547 779 1621 tamen,
796 1535 835 1604 in
852 1533 911 1607 his
928 1534 1062 1633 patrici
1076 1531 1224 1601 ordinis
1241 1555 1296 1601 sa·
1389 1566 1390 1583 π

285 1647 419 1720 cerdos
433 1649 574 1721 Tullius
587 1651 828 1739 Castellinus,
847 1676 961 1748 quem
976 1651 1127 1722 memini
1136 1674 1231 1720 cum
1247 1648 1295 1719 ab
1389 1652 1390 1657 ’

284 1767 329 1837 iis
346 1769 631 1838 evacuationum
646 1767 866 1866 generibus,
881 1794 901 1839 a
915 1768 1125 1866 quibusilli,
1139 1782 1176 1837 et
1192 1791 1296 1865 prae·
1389 1764 1390 1773 ’

284 1896 386 1954 terea
406 1909 426 1954 a
444 1883 559 1982 longo
581 1885 677 1956 cutis
697 1885 851 1965 madore
878 1886 974 1957 nihil
1001 1901 1095 1958 esset
1118 1884 1296 1979 adjutus,

285 2002 412 2072 minus
420 2002 515 2072 male
525 2001 665 2074 habere
676 2002 828 2074 tandem
840 2006 994 2103 coepisse
1007 2008 1207 2102 postquam
1225 2027 1296 2074 ore

285 2117 514 2191 lumbricum
534 2122 701 2216 ejecisset
716 2121 993 2211 rubicundum,
1008 2136 1183 2207 teretem,
1202 2120 1297 2190 lon·

286 2237 429 2333 giorem
440 2237 642 2334 spithama,
662 2254 699 2311 et
717 2232 861 2311 calamo
878 2265 956 2339 quo
971 2230 1184 2324 scribimus,
1194 2261 1298 2308 cras

276 2355 434 2425 ‘siorem
457 2355 534 2426 'Sed
559 2359 695 2428 martio
722 2356 876 2428 demum
899 2382 1046 2445 mense,
1074 2355 1141 2427 etsi
1167 2351 1299 2425 febres

287 2488 394 2543 erant
411 2497 497 2544 cum
510 2475 637 2547 minus
650 2475 843 2547 atrocibus
856 2477 1069 2573 inspeciem
1082 2472 1190 2543 malis
1204 2495 1298 2541 con·

284 2591 441 2685 junctae,
461 2594 554 2690 quin
573 2594 723 2692 pulsus,
743 2609 781 2665 et
808 2595 937 2693 lingua
956 2606 1087 2664 contra
1105 2606 1220 2686 atque
1256 2592 1297 2659 iu

285 2707 359 2780 illis
377 2711 587 2808 prioribus,
607 2737 711 2810 spem
730 2709 865 2784 afferre
884 2710 1129 2796 videbantur,
1146 2709 1298 2804 gravio-

286 2825 394 2899 ribus
412 2844 537 2903 tamen
568 2845 680 2926 atque
706 2830 818 2901 aliter
843 2853 887 2899 ao
916 2843 1026 2900 antea
1044 2826 1188 2897 deliriis
1207 2840 1298 2923 post

287 2943 457 3017 dolorem
469 2948 599 3046 capitis
611 2918 896 3046 ingruentibus,
909 2947 986 3042 jam
996 2946 1122 3016 miuus
1136 2941 1300 3015 feliciter

287 3087 348 3134 res
360 3063 526 3136 cedebat.
547 3069 690 3162 Atque,
704 3080 747 3137 ut
765 3059 1299 3162 Hippocraticamsimplicita-

286 3164 363 3255 tein
383 3183 423 3251 in
442 3198 643 3280 utramque
659 3198 805 3282 partem
820 3183 1012 3255 imitemur
1020 3203 1064 3267 ,a
1081 3177 1302 3250 senioribus

289 3297 445 3371 Medicis
464 3302 503 3370 in
516 3300 640 3371 media
657 3301 852 3375 curatione
863 3298 1052 3383 advocati,
1068 3319 1187 3393 aegros
1203 3295 1302 3366 duos

200 3408 204 3415 ’
287 3417 442 3488 minime
462 3441 608 3490 servare
626 3419 841 3515 potuimus,
856 3413 1100 3491 Vincentium
1116 3417 1300 3510 Mengaz-

288 3533 1166 3629 ziniumhonestumjuvenem,etHierouymum
1175 3533 1301 3601 Gnoc·

288 3651 417 3724 chium
442 3653 642 3751 patricium
673 3655 795 3723 virum
833 3666 871 3722 et
900 3648 1144 3722 sacerdotem.
1172 3649 1296 3718 Priori

288 3784 414 3841 autem
432 3767 695 3840 vehementem
714 3765 970 3867 phrenitidem
985 3767 1123 3838 instare
1131 3789 1299 3863 praesen-

290 3889 406 3961 simus
434 3911 479 3956 ex
500 3885 544 3956 iis
561 3886 661 3958 notis
689 3909 783 3984 quas
807 3885 969 3981 majores
988 3882 1176 3970 docuere,
1198 3884 1298 3952 iuter

290 4028 383 4102 quas
395 4003 496 4074 illam
505 4005 709 4102 praesertim
725 4001 989 4074 adnotavimus
996 3998 1102 4097 quod
1117 3997 1188 4071 sibi
1197 4021 1298 4095 aeger
