2774 4666
269 412 340 483 206
432 434 479 479 ne
505 430 649 479 seorsus
674 430 717 479 er
742 428 865 477 causis
884 424 1098 487 nonnosum

268 554 375 619 eciam
387 526 501 641 fieri,
529 550 563 614 si
588 542 735 641 quidem
760 544 946 613 cerebrum
970 543 1146 629 rodatur,
1175 538 1272 615 inde

269 665 369 734 enim
380 677 417 732 et
425 686 525 731 mens
540 658 695 757 desipit(
710 658 750 729 id
767 674 846 744 est,
869 673 912 729 ut
934 673 1035 729 recte
1060 660 1270 731 Martianus

271 781 448 878 explicat,
466 803 544 849 non
562 775 782 873 intelligit),
805 790 842 846 et
863 770 1052 846 cerebrum
1077 776 1269 863 convellit,

270 921 316 968 oo
331 894 505 967 distrahit
525 910 645 966 totum
666 894 862 965 bominem.
884 891 998 964 Vides
1024 890 1161 990 igitur,
1188 916 1267 964 non

272 1038 390 1086 essea
416 1014 494 1084 veri
521 1010 763 1084 similitudine
787 1008 1079 1106 alienumlquod
1103 1008 1153 1105 de
1182 1028 1268 1082 sen-

271 1131 385 1209 tentia
397 1144 588 1201 tantorum
604 1129 772 1199 virorum
788 1127 1057 1215 existimamus,
1071 1140 1092 1196 e'
1106 1150 1194 1198 sero
1210 1129 1269 1197 vel

270 1271 414 1346 pauco,
426 1233 545 1318 'modo
562 1244 711 1317 irritans
721 1246 767 1316 sit
779 1298 788 1332 ,
800 1241 883 1315 fieri
894 1244 1128 1341 apoplexiam
1140 1250 1267 1343 posse,

271 1364 516 1437 convulsione
530 1362 715 1451 uidelicet,
725 1376 762 1433 et
770 1360 875 1459 quod
887 1362 1151 1458 consequitur,
1161 1386 1271 1432 eons-

271 1482 444 1553 trietione
472 1496 663 1553 meatuum
695 1479 861 1568 cerebri,
892 1480 993 1550 illam
1021 1468 1269 1551 irritationem

273 1599 491 1695 excipiente.
504 1598 718 1669 Secundum
729 1597 807 1669 haec
823 1599 936 1686 scies,
954 1620 1027 1694 que
1039 1616 1109 1695 ego
1123 1599 1269 1669 ratione

273 1716 452 1812 explicari
474 1739 583 1812 posse
597 1769 615 1809 ,⁴
631 1715 800 1803 credam,
824 1730 987 1813 quatuor
1017 1716 1273 1812 autquinque

275 1831 478 1929 perbreves
494 1829 570 1903 fere
584 1833 761 1904 Valsalvae
777 1833 971 1920 historias,
991 1846 1084 1930 quas
1094 1833 1175 1903 sine
1198 1832 1275 1901 tilla

276 1948 517 2020 adnotatione
543 1951 715 2046 protinus
743 1949 948 2045 subjiciam.
967 1952 1050 2023 Sive
1069 1935 1279 2023 enimcum

277 2091 363 2139 sero
369 2091 447 2137 non
459 2091 590 2165 pauco,
598 2084 640 2141 ut
651 2071 690 2138 in
701 2068 849 2140 duabus
857 2086 986 2139 earnm
1000 2067 1143 2165 primls,
1154 2074 1281 2163 neque

275 2182 477 2281 perfectam
506 2174 759 2283 apoplexiam,
780 2208 903 2283 neque
924 2185 1160 2297 celerrimam
1182 2194 1282 2254 mor-

278 2317 354 2372 tem
393 2302 634 2398 conjunctam
671 2304 824 2402 legeris,
854 2304 929 2374 sive
962 2327 1049 2374 cum
1085 2311 1280 2400 perpauco

277 2418 394 2490 modo
413 2418 566 2504 eadem,
587 2435 629 2489 ut
645 2420 685 2488 in
702 2421 829 2505 tertia,
848 2420 964 2490 modo
978 2422 1138 2490 omnino
1157 2428 1282 2517 oppd-

279 2536 364 2623 sita,
383 2538 478 2607 utin
498 2536 654 2633 reliquis
670 2534 837 2625 duabus,
854 2537 1062 2625 inveneris;
1080 2537 1200 2605 mein
1220 2534 1282 2606 his

279 2653 435 2751 quidem
455 2653 633 2724 omnibus
647 2678 725 2724 non
738 2669 814 2723 tam
832 2655 904 2725 seri
926 2654 1090 2751 copiam,
1107 2662 1172 2724 aut
1186 2660 1281 2752 pau-

279 2773 428 2844 citatem
454 2787 645 2869 spectare,
675 2770 823 2859 eredes,
859 2784 972 2868 quam
999 2767 1108 2845 aliam
1133 2772 1177 2842 in·
1200 2770 1282 2842 allls

280 2889 448 2983 ejusdem
465 2889 710 2975 salsedinem,
727 2905 763 2961 et
773 2890 1017 2969 acrimoniam
1032 2889 1230 2985 conjicere.

329 3008 363 3078 6.
378 3008 446 3077 Vir
458 3007 627 3103 gracilis,
646 3006 1023 3103 annosquadraginta
1035 3021 1163 3095 natus,-
1177 3005 1280 3078 febre

281 3140 388 3196 acuta
422 3123 625 3196 laborabat.
658 3126 765 3195 Circa
791 3149 939 3195 nonum
966 3124 1065 3195 diem
1094 3120 1142 3196 de
1171 3132 1282 3197 noct'e

282 3241 613 3338 amittitloquendi
630 3238 851 3313 facultatem.
863 3241 1121 3340 Interrogatus
1137 3243 1284 3317 nullum

284 3357 347 3441 dat
359 3358 596 3456 intelligendi
606 3360 764 3459 signum.
784 3364 827 3443 In
842 3358 998 3431 artubus
1009 3359 1285 3432 omnibuslevis

262 3474 467 3566 ,duntaxat
488 3475 667 3548 movendi
677 3526 688 3562 ,1
710 3475 973 3574 sentiendique
992 3474 1147 3551 facultas
1163 3488 1294 3547 rema·

283 3591 408 3665 nebat.
427 3594 556 3664 Facies
571 3593 686 3664 rubra
702 3616 782 3689 non
798 3608 886 3688 erat.
900 3594 1065 3666 Tandem
1077 3595 1176 3693 circa
1187 3592 1286 3665 diem

287 3710 449 3779 moritur
466 3709 657 3808 decimum
672 3710 839 3781 tertium.

289 3814 293 3817 „
337 3825 545 3899 Cerebrum
564 3829 760 3898 inventum
777 3843 833 3899 est
846 3828 1052 3899 secundum
1063 3830 1233 3900 naturam
1251 3852 1289 3899 se

288 3943 451 4031 habens,
473 3946 544 4015 nisi
558 3944 663 4041 quod
678 3947 778 4015 inter
792 3946 915 4042 ipsum
934 3958 970 4018 et
986 3947 1182 4044 meninges
1197 3959 1292 4042 stag·
