2774 4666
246 490 249 507 Ι
299 407 368 498 194
462 425 509 475 DE
535 423 682 473 seuleus
707 425 751 473 ET
777 424 900 473 causis
925 425 1134 473 MORBORUM

292 536 577 636 plicationibus,
591 552 628 611 et
645 537 718 608 situ
733 539 938 636 presertim
955 539 995 617 in
1010 542 1127 615 cranii
1143 539 1224 612 basi
1241 565 1295 610 re·
1375 620 1376 625 η

293 656 427 752 petitis.
448 660 542 726 Cum
559 655 659 729 enim
671 652 748 724 hacc
764 656 908 752 omnia,
925 670 1038 753 atque
1054 657 1144 746 alia,
1161 656 1296 753 quibus
1376 726 1379 757 s

293 786 328 843 et
346 772 501 869 insignis
518 771 580 849 illa
602 770 811 871 adjicienda
833 766 887 845 est
903 773 950 844 ad
967 774 1116 845 initium
1143 776 1294 845 internae
1375 784 1377 817 f

291 913 394 960 venae
408 889 592 989 jugularis
608 888 794 977 dilatatio,
810 914 855 963 eo
882 906 1071 990 spectent,
1095 905 1138 962 ut
1158 891 1296 962 tardius
1376 876 1379 967 ss

292 1031 312 1077 e
330 1006 488 1080 cerebro
506 1007 656 1107 sanguis
672 1006 819 1095 redeat3
837 1022 919 1079 tum
937 1032 1027 1080 vero
1044 1008 1165 1086 multo
1184 1010 1296 1107 magis

291 1138 490 1222 augentur,
499 1139 542 1199 ut
551 1138 643 1199 tunc
653 1122 796 1199 dictum
808 1140 873 1215 est,
883 1139 991 1197 eertae
1001 1125 1298 1223 quasdamcausae
1378 1112 1379 1169 3

290 1241 474 1317 tarditatis
488 1240 536 1311 ab
551 1242 633 1339 ipso
650 1242 768 1315 cranii
780 1242 906 1339 positu
922 1244 962 1315 iu
974 1245 1113 1342 ‘supino
1131 1244 1298 1341 corporis

291 1361 382 1447 situ,
399 1383 521 1463 eoque
532 1359 654 1454 major
662 1359 970 1456 congestionibus
985 1362 1181 1460 sanguinis
1195 1385 1296 1433 occa·

290 1478 344 1547 sio
360 1475 487 1569 datur,
501 1476 603 1551 unde
614 1477 725 1547 etiarn
738 1476 943 1574 repetenda
960 1502 1071 1560 causa
1083 1492 1212 1567 est‚ut
1222 1479 1295 1575 opi·
1378 1512 1379 1535 i

290 1620 381 1683 nor,
397 1619 466 1669 cur
487 1595 554 1699 qui
575 1608 733 1693 propter
756 1593 856 1667 illius
878 1592 1128 1673 difficiliorem
1153 1610 1295 1673 motum

222 1702 224 1705 ⁵
291 1714 366 1797 sive
383 1738 404 1783 a
420 1709 666 1811 crassitudine
684 1726 721 1782 et
738 1712 903 1801 lentore,
927 1715 1003 1784 sive
1020 1738 1042 1783 a
1058 1714 1295 1811 plenitudine

290 1825 1295 1930 eareditusdifficultassit,repentemoriuntur,eorum
1376 1872 1377 1887 1

194 1980 196 1985 ¹
292 1945 421 2046 plures
437 1946 476 2017 in
494 1944 592 2019 lecto
608 1949 748 2021 mortui
763 1948 1005 2021 inveniantur
1022 1946 1036 2044 (
1063 1946 1087 2044 )

331 2259 378 2337 (⁴')
393 2263 429 2316 In
440 2261 531 2317 variis
544 2261 674 2336 epistolae
685 2262 771 2332 locis,
785 2266 966 2339 Morgagnus
974 2259 1051 2320 hanc
1063 2254 1297 2337 propositionem

292 2361 390 2419 emisit
406 2363 624 2437 compressione
649 2374 741 2419 aortae
762 2363 948 2437 apoplexiam
970 2361 1036 2419 fieri
1050 2381 1148 2437 posse
1166 2364 1297 2419 Profecto
1376 2370 1377 2373 ’

285 2481 355 2521 uon
367 2461 493 2525 dubium
505 2473 550 2521 est
559 2463 633 2537 quin
645 2460 776 2521 adhunc
788 2463 929 2519 morbum
939 2461 1143 2537 praedisponet
1155 2460 1298 2539 quidquid
1376 2534 1377 2541 ἵ

290 2562 463 2643 impeditae
474 2563 699 2625 circumferatur
711 2564 829 2639 sanguis
840 2573 869 2621 et
880 2562 1045 2637 praesertim
1058 2562 1096 2621 de
1104 2561 1244 2637 partibus
1254 2580 1297 2617 su·

289 2663 459 2739 periorihus
473 2662 594 2720 defluat.
607 2664 809 2737 Quamobrem
823 2662 981 2739 saepissime
994 2662 1219 2725 aneurismatiei
1230 2680 1297 2737 apo·

287 2744 388 2838 plenia
401 2764 605 2837 percelluntur
617 2782 625 2832 ;
644 2764 802 2818 nonnullas
815 2773 915 2817 tamen
936 2760 1211 2821 animadversiones
1219 2761 1297 2816 ›osfe-

290 2880 400 2919 remus.
417 2862 550 2917 Primum
566 2880 629 2917 non
652 2872 713 2916 tam
738 2860 909 2917 mechanice
922 2859 966 2917 'fit
989 2861 1147 2936 apoplexia
1161 2871 1197 2915 ut
1218 2859 1298 2916 nobis

291 2981 459 3038 supponere
471 2962 558 3017 liceat
571 2979 689 3018 causam
702 2979 763 3017 esse
774 2960 1020 3035 impedimentum
1033 2959 1226 3017 circulationi
1239 2979 1298 3016 san·

291 3063 390 3140 guinis
401 3062 433 3117 in
448 3063 584 3118 cerebro.
603 3061 783 3136 Saepissime,
801 3060 970 3116 irritatione
986 3061 1018 3116 in
1032 3061 1242 3138 systematibus
1258 3077 1298 3116 ea-

291 3160 419 3237 pillariis
442 3160 585 3232 efficitur,
608 3180 680 3221 vero
700 3161 847 3219 morimini
876 3158 1081 3237 hemorragico
1100 3162 1234 3218 succedit
1251 3178 1299 3216 nee

291 3261 459 3325 effunditur
471 3260 589 3337 sanguis
605 3261 663 3319 nisi
679 3281 749 3318 cum
763 3260 928 3325 substantie
949 3262 1064 3318 cerebri
1080 3262 1216 3325 emollita
1232 3279 1296 3335 rap-

294 3359 341 3416 tui
357 3340 497 3417 resistere
510 3379 573 3418 non
584 3371 693 3436 potest.
718 3361 812 3432 Dein,
833 3380 895 3419 non
918 3362 1001 3439 quod
1019 3372 1135 3427 aortam
1158 3362 1300 3419 distensus

256 3528 259 3535 ¹
293 3459 404 3535 premit
425 3471 538 3536 gestet,
568 3462 738 3535 frequenter
759 3460 835 3516 fiunt
857 3471 926 3536 post
951 3449 1045 3519 caenas
1067 3461 1241 3539 apoplexiae.
1268 3462 1299 3515 ln

294 3560 444 3616 anatomia
457 3548 536 3616 enim
549 3561 762 3636 comprobatur
767 3560 1036 3636 hancpressionem
1049 3559 1116 3617 fieri
1129 3580 1191 3617 non
1202 3577 1293 3637 posse.

291 3662 500 3731 Ventriculus,
516 3681 584 3718 cum
599 3662 705 3738 plenus
720 3673 778 3732 est,
794 3681 857 3716 non
873 3661 932 3717 nisi
945 3662 977 3716 iu
992 3661 1131 3735 partibus
1142 3660 1297 3718 auteriori-

189 3824 192 3829 Δ
227 3760 229 3763 ’
292 3760 349 3816 bus
368 3779 402 3845 ac
417 3760 609 3818 inferioribus
623 3761 822 3832 distenditur3
845 3761 945 3817 obstat
962 3762 1041 3845 enim
1055 3762 1087 3816 in
1100 3772 1186 3836 parte
1203 3771 1299 3838 poste-

292 3859 373 3916 riore
390 3860 546 3935 epiploon‚
562 3861 605 3916 ita
617 3871 651 3917 ut
663 3879 771 3938 magna
786 3880 856 3918 vasa
872 3872 1021 3938 protegat.
1041 3861 1113 3919 Ideo
1131 3872 1257 3939 propter
1270 3857 1299 3914 id

291 3963 387 4017 solum
399 3960 543 4016 distensio
555 3961 720 4036 apoplexiis
732 3962 827 4031 favet,
838 3963 920 4038 quod
931 3961 1059 4019 musculi
1072 3957 1298 4039 diaphragmatis
