<?xml version="1.0" encoding="UTF-8"?>
<!DOCTYPE html PUBLIC "-//W3C//DTD XHTML 1.0 Transitional//EN"
    "http://www.w3.org/TR/xhtml1/DTD/xhtml1-transitional.dtd">
<html xmlns="http://www.w3.org/1999/xhtml" xml:lang="en" lang="en">
 <head>
  <title>
</title>
<meta http-equiv="Content-Type" content="text/html;charset=utf-8" />
  <meta name='ocr-system' content='tesseract 3.04.00' />
  <meta name='ocr-capabilities' content='ocr_page ocr_carea ocr_par ocr_line ocrx_word'/>
</head>
<body>
  <div class='ocr_page' id='page_1' title='image "./desedibusetcaus06adelgoog_0371.png"; bbox 0 0 2782 4668; ppageno 0'>
   <div class='ocr_carea' id='block_1_1' title="bbox 286 465 1124 539">
    <p class='ocr_par' dir='ltr' id='par_1_1' title="bbox 286 465 1124 539">
     <span class='ocr_line' id='line_1_1' title="bbox 286 465 1124 539; baseline -0.006 0"><span class='ocrx_word' id='word_1_1' title='bbox 286 465 358 539; x_wconf 78' lang='lat'><strong>358</strong></span> <span class='ocrx_word' id='word_1_2' title='bbox 450 490 496 535; x_wconf 82' lang='lat' dir='ltr'><strong>nr</strong></span> <span class='ocrx_word' id='word_1_3' title='bbox 522 486 669 539; x_wconf 73' lang='lat' dir='ltr'><strong>suerrus</strong></span> <span class='ocrx_word' id='word_1_4' title='bbox 694 484 739 535; x_wconf 77' lang='lat' dir='ltr'><strong>er</strong></span> <span class='ocrx_word' id='word_1_5' title='bbox 763 487 888 536; x_wconf 76' lang='lat' dir='ltr'><strong>cauus</strong></span> <span class='ocrx_word' id='word_1_6' title='bbox 913 488 1124 535; x_wconf 72' lang='lat' dir='ltr'><strong>nonnosum</strong></span> 
     </span>
    </p>
   </div>
   <div class='ocr_carea' id='block_1_2' title="bbox 200 600 1383 2824">
    <p class='ocr_par' dir='ltr' id='par_1_2' title="bbox 200 600 1383 2824">
     <span class='ocr_line' id='line_1_2' title="bbox 284 600 1290 701; baseline -0.005 -27"><span class='ocrx_word' id='word_1_7' title='bbox 284 618 384 689; x_wconf 88' lang='lat' dir='ltr'><strong>tem,</strong></span> <span class='ocrx_word' id='word_1_8' title='bbox 402 627 483 699; x_wconf 87' lang='lat' dir='ltr'><strong>quae</strong></span> <span class='ocrx_word' id='word_1_9' title='bbox 503 626 716 700; x_wconf 86' lang='lat' dir='ltr'><strong>suppurare</strong></span> <span class='ocrx_word' id='word_1_10' title='bbox 727 604 929 701; x_wconf 81' lang='lat' dir='ltr'>inciperet,</span> <span class='ocrx_word' id='word_1_11' title='bbox 946 600 1290 674; x_wconf 83' lang='lat' dir='ltr'><strong>commonstrabaut</strong></span> 
     </span>
     <span class='ocr_line' id='line_1_3' title="bbox 287 717 1291 819; baseline -0.002 -29"><span class='ocrx_word' id='word_1_12' title='bbox 287 717 633 793; x_wconf 78' lang='lat' dir='ltr'><strong>inflammationem.</strong></span> <span class='ocrx_word' id='word_1_13' title='bbox 653 721 786 791; x_wconf 85' lang='lat' dir='ltr'><strong>Pleura</strong></span> <span class='ocrx_word' id='word_1_14' title='bbox 804 744 957 819; x_wconf 80' lang='lat' dir='ltr'><strong>quoque</strong></span> <span class='ocrx_word' id='word_1_15' title='bbox 972 721 1022 791; x_wconf 90' lang='lat' dir='ltr'><strong>ab</strong></span> <span class='ocrx_word' id='word_1_16' title='bbox 1040 720 1179 792; x_wconf 88' lang='lat' dir='ltr'><strong>eodem</strong></span> <span class='ocrx_word' id='word_1_17' title='bbox 1193 721 1291 790; x_wconf 78' lang='lat' dir='ltr'><strong>sinis</strong></span> 
     </span>
     <span class='ocr_line' id='line_1_4' title="bbox 286 834 1378 925; baseline -0.005 -15"><span class='ocrx_word' id='word_1_18' title='bbox 286 852 346 910; x_wconf 84' lang='lat' dir='ltr'><strong>tro</strong></span> <span class='ocrx_word' id='word_1_19' title='bbox 364 837 478 910; x_wconf 85' lang='lat' dir='ltr'><strong>latere</strong></span> <span class='ocrx_word' id='word_1_20' title='bbox 496 834 612 910; x_wconf 81' lang='lat' dir='ltr'><strong>ferme</strong></span> <span class='ocrx_word' id='word_1_21' title='bbox 628 852 706 910; x_wconf 89' lang='lat' dir='ltr'><strong>tota</strong></span> <span class='ocrx_word' id='word_1_22' title='bbox 723 837 951 911; x_wconf 85' lang='lat' dir='ltr'><strong>inflammata</strong></span> <span class='ocrx_word' id='word_1_23' title='bbox 969 837 1192 925; x_wconf 86' lang='lat' dir='ltr'><strong>videbatur,</strong></span> <span class='ocrx_word' id='word_1_24' title='bbox 1209 861 1291 907; x_wconf 88' lang='lat' dir='ltr'><strong>cum</strong></span> <span class='ocrx_word' id='word_1_25' title='bbox 1377 908 1378 919; x_wconf 52' lang='grc'>,</span> 
     </span>
     <span class='ocr_line' id='line_1_5' title="bbox 286 954 1292 1054; baseline -0.004 -26"><span class='ocrx_word' id='word_1_26' title='bbox 286 954 498 1054; x_wconf 81' lang='lat' dir='ltr'><strong>sanguifera</strong></span> <span class='ocrx_word' id='word_1_27' title='bbox 517 980 583 1031; x_wconf 84' lang='lat' dir='ltr'><strong>sua</strong></span> <span class='ocrx_word' id='word_1_28' title='bbox 600 956 750 1028; x_wconf 82' lang='lat' dir='ltr'><strong>vascula</strong></span> <span class='ocrx_word' id='word_1_29' title='bbox 764 958 878 1033; x_wconf 84' lang='lat' dir='ltr'><strong>nimis</strong></span> <span class='ocrx_word' id='word_1_30' title='bbox 895 957 1101 1054; x_wconf 86' lang='lat' dir='ltr'><strong>conspicua</strong></span> <span class='ocrx_word' id='word_1_31' title='bbox 1117 954 1292 1041; x_wconf 85' lang='lat' dir='ltr'><strong>haberet,</strong></span> 
     </span>
     <span class='ocr_line' id='line_1_6' title="bbox 200 1071 1379 1167; baseline -0.001 -26"><span class='ocrx_word' id='word_1_32' title='bbox 200 1130 202 1141; x_wconf 76' lang='grc'><strong><em>,</em></strong></span> <span class='ocrx_word' id='word_1_33' title='bbox 286 1071 1042 1147; x_wconf 74' lang='lat' dir='ltr'><strong>autom-facillimaecostisunatractioue</strong></span> <span class='ocrx_word' id='word_1_34' title='bbox 1055 1072 1290 1144; x_wconf 82' lang='lat' dir='ltr'><strong>avelleretur.</strong></span> <span class='ocrx_word' id='word_1_35' title='bbox 1378 1150 1379 1167; x_wconf 12' lang='grc' dir='ltr'>χ</span> 
     </span>
     <span class='ocr_line' id='line_1_7' title="bbox 288 1188 1379 1292; baseline -0.005 -31"><span class='ocrx_word' id='word_1_36' title='bbox 288 1192 543 1292; x_wconf 84' lang='lat' dir='ltr'><strong>Diaphragrna</strong></span> <span class='ocrx_word' id='word_1_37' title='bbox 572 1207 697 1265; x_wconf 86' lang='lat' dir='ltr'><strong>autern</strong></span> <span class='ocrx_word' id='word_1_38' title='bbox 716 1194 755 1264; x_wconf 90' lang='lat' dir='ltr'><strong>iu</strong></span> <span class='ocrx_word' id='word_1_39' title='bbox 777 1216 821 1267; x_wconf 82' lang='lat' dir='ltr'><strong>ea</strong></span> <span class='ocrx_word' id='word_1_40' title='bbox 838 1193 1019 1264; x_wconf 77' lang='lat' dir='ltr'><strong>duntaxat</strong></span> <span class='ocrx_word' id='word_1_41' title='bbox 1046 1191 1104 1261; x_wconf 89' lang='lat' dir='ltr'><strong>sui</strong></span> <span class='ocrx_word' id='word_1_42' title='bbox 1125 1188 1291 1260; x_wconf 89' lang='lat' dir='ltr'><strong>tendiuei</strong></span> <span class='ocrx_word' id='word_1_43' title='bbox 1378 1212 1379 1221; x_wconf 54' lang='lat'>¹</span> 
     </span>
     <span class='ocr_line' id='line_1_8' title="bbox 289 1305 1293 1408; baseline -0.005 -30"><span class='ocrx_word' id='word_1_44' title='bbox 289 1313 431 1397; x_wconf 89' lang='lat' dir='ltr'><strong>centri,</strong></span> <span class='ocrx_word' id='word_1_45' title='bbox 448 1325 490 1381; x_wconf 93' lang='lat' dir='ltr'><strong>ut</strong></span> <span class='ocrx_word' id='word_1_46' title='bbox 508 1312 693 1400; x_wconf 84' lang='lat' dir='ltr'><strong>vocitant,</strong></span> <span class='ocrx_word' id='word_1_47' title='bbox 708 1311 825 1408; x_wconf 67' lang='lat' dir='ltr'><strong>‘parte</strong></span> <span class='ocrx_word' id='word_1_48' title='bbox 846 1335 928 1406; x_wconf 84' lang='lat' dir='ltr'><strong>quae</strong></span> <span class='ocrx_word' id='word_1_49' title='bbox 944 1309 1095 1381; x_wconf 86' lang='lat' dir='ltr'><strong>sinistro</strong></span> <span class='ocrx_word' id='word_1_50' title='bbox 1123 1305 1293 1404; x_wconf 87' lang='lat' dir='ltr'><strong>pulmoni</strong></span> 
     </span>
     <span class='ocr_line' id='line_1_9' title="bbox 287 1425 1380 1522; baseline -0.001 -25"><span class='ocrx_word' id='word_1_51' title='bbox 287 1426 574 1522; x_wconf 74' lang='lat' dir='ltr'><strong>subjiciebatur,</strong></span> <span class='ocrx_word' id='word_1_52' title='bbox 589 1453 675 1499; x_wconf 87' lang='lat' dir='ltr'><strong>vasa</strong></span> <span class='ocrx_word' id='word_1_53' title='bbox 688 1427 852 1498; x_wconf 89' lang='lat' dir='ltr'><strong>habebat</strong></span> <span class='ocrx_word' id='word_1_54' title='bbox 862 1482 872 1516; x_wconf 99' lang='lat'><strong>,</strong></span> <span class='ocrx_word' id='word_1_55' title='bbox 884 1429 995 1499; x_wconf 89' lang='lat' dir='ltr'><strong>etiam</strong></span> <span class='ocrx_word' id='word_1_56' title='bbox 1009 1427 1188 1513; x_wconf 88' lang='lat' dir='ltr'><strong>minima,</strong></span> <span class='ocrx_word' id='word_1_57' title='bbox 1204 1425 1292 1496; x_wconf 85' lang='lat' dir='ltr'><strong>adeo</strong></span> <span class='ocrx_word' id='word_1_58' title='bbox 1378 1444 1380 1515; x_wconf 61' lang='lat' dir='ltr'><strong>l</strong></span> 
     </span>
     <span class='ocr_line' id='line_1_10' title="bbox 288 1541 1290 1634; baseline 0 -21"><span class='ocrx_word' id='word_1_59' title='bbox 288 1544 470 1634; x_wconf 89' lang='lat' dir='ltr'><strong>distenta,</strong></span> <span class='ocrx_word' id='word_1_60' title='bbox 499 1561 541 1617; x_wconf 89' lang='lat' dir='ltr'><strong>ut</strong></span> <span class='ocrx_word' id='word_1_61' title='bbox 564 1545 618 1616; x_wconf 91' lang='lat' dir='ltr'><strong>ibi</strong></span> <span class='ocrx_word' id='word_1_62' title='bbox 635 1544 908 1616; x_wconf 88' lang='lat' dir='ltr'><strong>inflammatum</strong></span> <span class='ocrx_word' id='word_1_63' title='bbox 922 1567 1023 1633; x_wconf 88' lang='lat' dir='ltr'><strong>esse,</strong></span> <span class='ocrx_word' id='word_1_64' title='bbox 1044 1569 1126 1615; x_wconf 91' lang='lat' dir='ltr'><strong>non</strong></span> <span class='ocrx_word' id='word_1_65' title='bbox 1146 1541 1290 1615; x_wconf 85' lang='lat' dir='ltr'><strong>dubita·</strong></span> 
     </span>
     <span class='ocr_line' id='line_1_11' title="bbox 287 1658 1292 1760; baseline 0 -30"><span class='ocrx_word' id='word_1_66' title='bbox 287 1686 358 1733; x_wconf 89' lang='lat' dir='ltr'><strong>res.</strong></span> <span class='ocrx_word' id='word_1_67' title='bbox 379 1667 423 1732; x_wconf 92' lang='lat' dir='ltr'><strong>In</strong></span> <span class='ocrx_word' id='word_1_68' title='bbox 441 1663 653 1760; x_wconf 85' lang='lat' dir='ltr'><strong>pericardio</strong></span> <span class='ocrx_word' id='word_1_69' title='bbox 672 1658 908 1760; x_wconf 89' lang='lat' dir='ltr'><strong>aliquantum</strong></span> <span class='ocrx_word' id='word_1_70' title='bbox 934 1664 1009 1734; x_wconf 89' lang='lat' dir='ltr'><strong>seri</strong></span> <span class='ocrx_word' id='word_1_71' title='bbox 1028 1661 1236 1749; x_wconf 86' lang='lat' dir='ltr'><strong>subrubri,</strong></span> <span class='ocrx_word' id='word_1_72' title='bbox 1262 1676 1292 1731; x_wconf 90' lang='lat' dir='ltr'><strong>et</strong></span> 
     </span>
     <span class='ocr_line' id='line_1_12' title="bbox 236 1766 1291 1883; baseline 0.001 -33"><span class='ocrx_word' id='word_1_73' title='bbox 236 1878 239 1883; x_wconf 9' lang='grc' dir='ltr'><strong><em>ἦ</em></strong></span> <span class='ocrx_word' id='word_1_74' title='bbox 284 1780 439 1852; x_wconf 85' lang='lat' dir='ltr'><strong>turbidi.</strong></span> <span class='ocrx_word' id='word_1_75' title='bbox 463 1766 533 1852; x_wconf 82' lang='lat' dir='ltr'><strong>Per</strong></span> <span class='ocrx_word' id='word_1_76' title='bbox 557 1780 684 1852; x_wconf 86' lang='lat' dir='ltr'><strong>omnia</strong></span> <span class='ocrx_word' id='word_1_77' title='bbox 714 1782 839 1854; x_wconf 88' lang='lat' dir='ltr'><strong>cordis</strong></span> <span class='ocrx_word' id='word_1_78' title='bbox 865 1779 1007 1853; x_wconf 83' lang='lat' dir='ltr'><strong>crificia</strong></span> <span class='ocrx_word' id='word_1_79' title='bbox 1031 1782 1291 1852; x_wconf 85' lang='lat' dir='ltr'><strong>concretiones</strong></span> 
     </span>
     <span class='ocr_line' id='line_1_13' title="bbox 285 1899 1289 1997; baseline -0.002 -28"><span class='ocrx_word' id='word_1_80' title='bbox 285 1900 476 1996; x_wconf 83' lang='lat' dir='ltr'><strong>polyposae</strong></span> <span class='ocrx_word' id='word_1_81' title='bbox 493 1901 797 1997; x_wconf 78' lang='lat' dir='ltr'><strong>trajiciebantur,</strong></span> <span class='ocrx_word' id='word_1_82' title='bbox 816 1902 858 1973; x_wconf 91' lang='lat' dir='ltr'><strong>in</strong></span> <span class='ocrx_word' id='word_1_83' title='bbox 876 1900 1097 1972; x_wconf 79' lang='lat' dir='ltr'><strong>ventriculis</strong></span> <span class='ocrx_word' id='word_1_84' title='bbox 1119 1915 1232 1987; x_wconf 86' lang='lat' dir='ltr'><strong>ortae,</strong></span> <span class='ocrx_word' id='word_1_85' title='bbox 1256 1899 1289 1967; x_wconf 88' lang='lat' dir='ltr'><strong>iu</strong></span> 
     </span>
     <span class='ocr_line' id='line_1_14' title="bbox 286 2016 1292 2114; baseline 0 -28"><span class='ocrx_word' id='word_1_86' title='bbox 286 2040 371 2087; x_wconf 85' lang='lat' dir='ltr'><strong>vasa</strong></span> <span class='ocrx_word' id='word_1_87' title='bbox 393 2016 606 2114; x_wconf 74' lang='lat' dir='ltr'><strong>productae,</strong></span> <span class='ocrx_word' id='word_1_88' title='bbox 623 2042 667 2091; x_wconf 76' lang='lat' dir='ltr'><strong>eu</strong></span> <span class='ocrx_word' id='word_1_89' title='bbox 678 2019 855 2091; x_wconf 75' lang='lat' dir='ltr'><strong>solidiore</strong></span> <span class='ocrx_word' id='word_1_90' title='bbox 874 2019 1085 2091; x_wconf 83' lang='lat' dir='ltr'><strong>substantia</strong></span> <span class='ocrx_word' id='word_1_91' title='bbox 1097 2040 1250 2106; x_wconf 86' lang='lat' dir='ltr'><strong>omnes,</strong></span> <span class='ocrx_word' id='word_1_92' title='bbox 1267 2017 1292 2087; x_wconf 89' lang='lat' dir='ltr'><strong>si</strong></span> 
     </span>
     <span class='ocr_line' id='line_1_15' title="bbox 287 2130 1382 2237; baseline -0.001 -33"><span class='ocrx_word' id='word_1_93' title='bbox 287 2135 437 2205; x_wconf 84' lang='lat' dir='ltr'><strong>initium</strong></span> <span class='ocrx_word' id='word_1_94' title='bbox 452 2137 614 2234; x_wconf 78' lang='lat' dir='ltr'><strong>excipias</strong></span> <span class='ocrx_word' id='word_1_95' title='bbox 626 2138 728 2210; x_wconf 86' lang='lat' dir='ltr'><strong>illius</strong></span> <span class='ocrx_word' id='word_1_96' title='bbox 746 2162 829 2236; x_wconf 81' lang='lat' dir='ltr'><strong>quat</strong></span> <span class='ocrx_word' id='word_1_97' title='bbox 840 2138 1108 2237; x_wconf 84' lang='lat' dir='ltr'><strong>pulmonarem</strong></span> <span class='ocrx_word' id='word_1_98' title='bbox 1128 2158 1295 2234; x_wconf 83' lang='lat' dir='ltr'><strong>peragra·</strong></span> <span class='ocrx_word' id='word_1_99' title='bbox 1381 2130 1382 2173; x_wconf 28' lang='grc' dir='ltr'><em>Ὗ</em></span> 
     </span>
     <span class='ocr_line' id='line_1_16' title="bbox 285 2250 1293 2354; baseline -0.001 -31"><span class='ocrx_word' id='word_1_100' title='bbox 285 2250 351 2323; x_wconf 85' lang='lat' dir='ltr'><strong>bat</strong></span> <span class='ocrx_word' id='word_1_101' title='bbox 366 2255 557 2347; x_wconf 87' lang='lat' dir='ltr'><strong>arteriam,</strong></span> <span class='ocrx_word' id='word_1_102' title='bbox 575 2257 846 2329; x_wconf 86' lang='lat' dir='ltr'><strong>crassissimum</strong></span> <span class='ocrx_word' id='word_1_103' title='bbox 862 2255 1017 2354; x_wconf 84' lang='lat' dir='ltr'><strong>quidem</strong></span> <span class='ocrx_word' id='word_1_104' title='bbox 1031 2255 1071 2326; x_wconf 89' lang='lat' dir='ltr'><strong>in</strong></span> <span class='ocrx_word' id='word_1_105' title='bbox 1083 2253 1293 2324; x_wconf 85' lang='lat' dir='ltr'><strong>ventriculo</strong></span> 
     </span>
     <span class='ocr_line' id='line_1_17' title="bbox 286 2363 1383 2472; baseline 0.001 -32"><span class='ocrx_word' id='word_1_106' title='bbox 286 2371 461 2462; x_wconf 78' lang='lat' dir='ltr'><strong>dextere,</strong></span> <span class='ocrx_word' id='word_1_107' title='bbox 482 2374 548 2445; x_wconf 87' lang='lat' dir='ltr'><strong>sed</strong></span> <span class='ocrx_word' id='word_1_108' title='bbox 573 2399 619 2446; x_wconf 81' lang='lat' dir='ltr'><strong>ex</strong></span> <span class='ocrx_word' id='word_1_109' title='bbox 641 2363 831 2463; x_wconf 76' lang='lat' dir='ltr'><strong>subflava,</strong></span> <span class='ocrx_word' id='word_1_110' title='bbox 851 2389 888 2445; x_wconf 91' lang='lat' dir='ltr'><strong>et</strong></span> <span class='ocrx_word' id='word_1_111' title='bbox 904 2374 1011 2472; x_wconf 90' lang='lat' dir='ltr'><strong>quasi</strong></span> <span class='ocrx_word' id='word_1_112' title='bbox 1025 2392 1187 2444; x_wconf 78' lang='lat' dir='ltr'><strong>mucosa</strong></span> <span class='ocrx_word' id='word_1_113' title='bbox 1198 2371 1294 2443; x_wconf 88' lang='lat' dir='ltr'><strong>subs·</strong></span> <span class='ocrx_word' id='word_1_114' title='bbox 1382 2460 1383 2469; x_wconf 8' lang='grc' dir='ltr'>ἵ</span> 
     </span>
     <span class='ocr_line' id='line_1_18' title="bbox 287 2488 1296 2589; baseline 0 -31"><span class='ocrx_word' id='word_1_115' title='bbox 287 2491 414 2559; x_wconf 87' lang='lat' dir='ltr'><strong>tantia.</strong></span> <span class='ocrx_word' id='word_1_116' title='bbox 432 2495 534 2561; x_wconf 85' lang='lat' dir='ltr'><strong>Dum</strong></span> <span class='ocrx_word' id='word_1_117' title='bbox 548 2488 662 2589; x_wconf 84' lang='lat' dir='ltr'><strong>caput</strong></span> <span class='ocrx_word' id='word_1_118' title='bbox 680 2491 992 2579; x_wconf 83' lang='lat' dir='ltr'><strong>abscindebatur,</strong></span> <span class='ocrx_word' id='word_1_119' title='bbox 1015 2491 1139 2588; x_wconf 76' lang='lat' dir='ltr'><strong>longae</strong></span> <span class='ocrx_word' id='word_1_120' title='bbox 1156 2489 1296 2587; x_wconf 88' lang='lat' dir='ltr'><strong>portio·</strong></span> 
     </span>
     <span class='ocr_line' id='line_1_19' title="bbox 285 2609 1296 2709; baseline 0 -32"><span class='ocrx_word' id='word_1_121' title='bbox 285 2632 353 2679; x_wconf 89' lang='lat' dir='ltr'><strong>nes</strong></span> <span class='ocrx_word' id='word_1_122' title='bbox 368 2611 536 2680; x_wconf 88' lang='lat' dir='ltr'><strong>concreti</strong></span> <span class='ocrx_word' id='word_1_123' title='bbox 552 2611 745 2709; x_wconf 84' lang='lat' dir='ltr'><strong>sanguinis</strong></span> <span class='ocrx_word' id='word_1_124' title='bbox 760 2610 902 2680; x_wconf 85' lang='lat' dir='ltr'><strong>eductae</strong></span> <span class='ocrx_word' id='word_1_125' title='bbox 920 2625 1010 2681; x_wconf 89' lang='lat' dir='ltr'><strong>sunt</strong></span> <span class='ocrx_word' id='word_1_126' title='bbox 1030 2634 1050 2679; x_wconf 90' lang='lat' dir='ltr'><strong>e</strong></span> <span class='ocrx_word' id='word_1_127' title='bbox 1066 2610 1177 2679; x_wconf 87' lang='lat' dir='ltr'><strong>venis</strong></span> <span class='ocrx_word' id='word_1_128' title='bbox 1194 2609 1296 2705; x_wconf 80' lang='lat' dir='ltr'><strong>jugu-</strong></span> 
     </span>
     <span class='ocr_line' id='line_1_20' title="bbox 286 2723 1298 2824; baseline -0.001 -29"><span class='ocrx_word' id='word_1_129' title='bbox 286 2724 557 2814; x_wconf 87' lang='lat' dir='ltr'><strong>laribus,velut</strong></span> <span class='ocrx_word' id='word_1_130' title='bbox 572 2752 680 2798; x_wconf 87' lang='lat' dir='ltr'><strong>enses</strong></span> <span class='ocrx_word' id='word_1_131' title='bbox 692 2752 714 2797; x_wconf 86' lang='lat' dir='ltr'><strong>e</strong></span> <span class='ocrx_word' id='word_1_132' title='bbox 724 2727 877 2824; x_wconf 82' lang='lat' dir='ltr'><strong>vaginis.</strong></span> <span class='ocrx_word' id='word_1_133' title='bbox 891 2727 1117 2822; x_wconf 83' lang='lat' dir='ltr'><strong>Meningum</strong></span> <span class='ocrx_word' id='word_1_134' title='bbox 1126 2748 1220 2797; x_wconf 81' lang='lat' dir='ltr'><strong>vasa</strong></span> <span class='ocrx_word' id='word_1_135' title='bbox 1231 2723 1298 2795; x_wconf 80' lang='lat' dir='ltr'><strong>lue·</strong></span> 
     </span>
    </p>
   </div>
   <div class='ocr_carea' id='block_1_3' title="bbox 161 2842 1298 2942">
    <p class='ocr_par' dir='ltr' id='par_1_3' title="bbox 161 2842 1298 2942">
     <span class='ocr_line' id='line_1_21' title="bbox 161 2842 1298 2942; baseline 0 -29"><span class='ocrx_word' id='word_1_136' title='bbox 161 2852 177 2877; x_wconf 84' lang='lat'><strong><em>‘</em></strong></span> <span class='ocrx_word' id='word_1_137' title='bbox 284 2859 376 2913; x_wconf 89' lang='lat' dir='ltr'><strong>runt</strong></span> <span class='ocrx_word' id='word_1_138' title='bbox 395 2844 578 2942; x_wconf 84' lang='lat' dir='ltr'><strong>sanguine</strong></span> <span class='ocrx_word' id='word_1_139' title='bbox 594 2869 709 2941; x_wconf 87' lang='lat' dir='ltr'><strong>quam</strong></span> <span class='ocrx_word' id='word_1_140' title='bbox 727 2844 888 2914; x_wconf 84' lang='lat' dir='ltr'><strong>maxime</strong></span> <span class='ocrx_word' id='word_1_141' title='bbox 904 2842 1077 2914; x_wconf 86' lang='lat' dir='ltr'><strong>distenta.</strong></span> <span class='ocrx_word' id='word_1_142' title='bbox 1092 2847 1139 2913; x_wconf 92' lang='lat' dir='ltr'><strong>Et</strong></span> <span class='ocrx_word' id='word_1_143' title='bbox 1149 2867 1298 2914; x_wconf 85' lang='lat' dir='ltr'><strong>concre-</strong></span> 
     </span>
    </p>
   </div>
   <div class='ocr_carea' id='block_1_4' title="bbox 263 2958 1315 4122">
    <p class='ocr_par' dir='ltr' id='par_1_4' title="bbox 263 2958 1315 4122">
     <span class='ocr_line' id='line_1_22' title="bbox 285 2958 1315 3059; baseline 0.003 -29"><span class='ocrx_word' id='word_1_144' title='bbox 285 2960 340 3030; x_wconf 87' lang='lat' dir='ltr'><strong>tio</strong></span> <span class='ocrx_word' id='word_1_145' title='bbox 351 2963 507 3056; x_wconf 90' lang='lat' dir='ltr'><strong>quidem</strong></span> <span class='ocrx_word' id='word_1_146' title='bbox 522 2960 870 3059; x_wconf 77' lang='lat' dir='ltr'><strong>polyposa,albida,</strong></span> <span class='ocrx_word' id='word_1_147' title='bbox 885 2974 1171 3057; x_wconf 73' lang='lat' dir='ltr'><strong>compactaque</strong></span> <span class='ocrx_word' id='word_1_148' title='bbox 1184 2977 1297 3033; x_wconf 89' lang='lat' dir='ltr'><strong>struc-</strong></span> <span class='ocrx_word' id='word_1_149' title='bbox 1312 2958 1315 2965; x_wconf 75' lang='grc'>’</span> 
     </span>
     <span class='ocr_line' id='line_1_23' title="bbox 263 3075 1295 3178; baseline 0 -30"><span class='ocrx_word' id='word_1_150' title='bbox 263 3144 265 3148; x_wconf 89' lang='grc'>.</span> <span class='ocrx_word' id='word_1_151' title='bbox 285 3078 398 3162; x_wconf 84' lang='lat' dir='ltr'><strong>tdrae,</strong></span> <span class='ocrx_word' id='word_1_152' title='bbox 416 3102 496 3151; x_wconf 90' lang='lat' dir='ltr'><strong>non</strong></span> <span class='ocrx_word' id='word_1_153' title='bbox 512 3079 630 3149; x_wconf 87' lang='lat' dir='ltr'><strong>modo</strong></span> <span class='ocrx_word' id='word_1_154' title='bbox 648 3081 772 3150; x_wconf 88' lang='lat' dir='ltr'><strong>sinum</strong></span> <span class='ocrx_word' id='word_1_155' title='bbox 790 3075 894 3151; x_wconf 84' lang='lat' dir='ltr'><strong>falcis</strong></span> <span class='ocrx_word' id='word_1_156' title='bbox 912 3078 1086 3166; x_wconf 80' lang='lat' dir='ltr'><strong>tenebat,</strong></span> <span class='ocrx_word' id='word_1_157' title='bbox 1108 3078 1176 3149; x_wconf 86' lang='lat' dir='ltr'><strong>sed</strong></span> <span class='ocrx_word' id='word_1_158' title='bbox 1206 3081 1295 3178; x_wconf 86' lang='lat' dir='ltr'><strong>etin</strong></span> 
     </span>
     <span class='ocr_line' id='line_1_24' title="bbox 284 3195 1297 3295; baseline 0.005 -32"><span class='ocrx_word' id='word_1_159' title='bbox 284 3195 487 3292; x_wconf 85' lang='lat' dir='ltr'><strong>plerasque</strong></span> <span class='ocrx_word' id='word_1_160' title='bbox 505 3195 685 3295; x_wconf 83' lang='lat' dir='ltr'><strong>pergebat</strong></span> <span class='ocrx_word' id='word_1_161' title='bbox 700 3221 833 3286; x_wconf 85' lang='lat' dir='ltr'><strong>venas,</strong></span> <span class='ocrx_word' id='word_1_162' title='bbox 850 3220 937 3267; x_wconf 92' lang='lat' dir='ltr'><strong>cum</strong></span> <span class='ocrx_word' id='word_1_163' title='bbox 956 3221 1003 3267; x_wconf 91' lang='lat' dir='ltr'><strong>eo</strong></span> <span class='ocrx_word' id='word_1_164' title='bbox 1020 3197 1112 3267; x_wconf 81' lang='lat' dir='ltr'><strong>sinu·</strong></span> <span class='ocrx_word' id='word_1_165' title='bbox 1125 3219 1297 3268; x_wconf 85' lang='lat' dir='ltr'><strong>commu·</strong></span> 
     </span>
     <span class='ocr_line' id='line_1_25' title="bbox 284 3312 1297 3410; baseline 0.005 -29"><span class='ocrx_word' id='word_1_166' title='bbox 284 3312 461 3384; x_wconf 81' lang='lat' dir='ltr'><strong>uitantes.</strong></span> <span class='ocrx_word' id='word_1_167' title='bbox 491 3318 536 3384; x_wconf 82' lang='lat' dir='ltr'><strong>ln</strong></span> <span class='ocrx_word' id='word_1_168' title='bbox 571 3312 694 3385; x_wconf 88' lang='lat' dir='ltr'><strong>tribus</strong></span> <span class='ocrx_word' id='word_1_169' title='bbox 721 3313 878 3410; x_wconf 87' lang='lat' dir='ltr'><strong>reliquis</strong></span> <span class='ocrx_word' id='word_1_170' title='bbox 909 3312 1119 3409; x_wconf 80' lang='lat' dir='ltr'><strong>majoribus</strong></span> <span class='ocrx_word' id='word_1_171' title='bbox 1153 3315 1297 3386; x_wconf 84' lang='lat' dir='ltr'><strong>sinibus</strong></span> 
     </span>
     <span class='ocr_line' id='line_1_26' title="bbox 286 3431 1298 3528; baseline 0.005 -30"><span class='ocrx_word' id='word_1_172' title='bbox 286 3452 414 3500; x_wconf 81' lang='lat' dir='ltr'><strong>erassae</strong></span> <span class='ocrx_word' id='word_1_173' title='bbox 433 3432 620 3528; x_wconf 85' lang='lat' dir='ltr'><strong>meningis</strong></span> <span class='ocrx_word' id='word_1_174' title='bbox 639 3445 719 3503; x_wconf 86' lang='lat' dir='ltr'><strong>erat</strong></span> <span class='ocrx_word' id='word_1_175' title='bbox 738 3431 889 3528; x_wconf 84' lang='lat' dir='ltr'><strong>sanguis</strong></span> <span class='ocrx_word' id='word_1_176' title='bbox 913 3446 1126 3503; x_wconf 85' lang='lat' dir='ltr'><strong>concretus.</strong></span> <span class='ocrx_word' id='word_1_177' title='bbox 1160 3433 1298 3505; x_wconf 86' lang='lat' dir='ltr'><strong>Tenuis</strong></span> 
     </span>
     <span class='ocr_line' id='line_1_27' title="bbox 285 3548 1298 3621; baseline 0.006 -8"><span class='ocrx_word' id='word_1_178' title='bbox 285 3560 410 3617; x_wconf 82' lang='lat' dir='ltr'><strong>antem</strong></span> <span class='ocrx_word' id='word_1_179' title='bbox 433 3551 588 3621; x_wconf 87' lang='lat' dir='ltr'><strong>meninx</strong></span> <span class='ocrx_word' id='word_1_180' title='bbox 612 3550 739 3618; x_wconf 91' lang='lat' dir='ltr'><strong>omnia</strong></span> <span class='ocrx_word' id='word_1_181' title='bbox 762 3548 822 3619; x_wconf 91' lang='lat' dir='ltr'><strong>vel</strong></span> <span class='ocrx_word' id='word_1_182' title='bbox 844 3548 1000 3618; x_wconf 88' lang='lat' dir='ltr'><strong>minima</strong></span> <span class='ocrx_word' id='word_1_183' title='bbox 1029 3549 1184 3619; x_wconf 84' lang='lat' dir='ltr'><strong>vascula</strong></span> <span class='ocrx_word' id='word_1_184' title='bbox 1207 3549 1298 3621; x_wconf 86' lang='lat' dir='ltr'><strong>adeo</strong></span> 
     </span>
     <span class='ocr_line' id='line_1_28' title="bbox 286 3666 1298 3764; baseline 0.004 -31"><span class='ocrx_word' id='word_1_185' title='bbox 286 3667 467 3761; x_wconf 82' lang='lat' dir='ltr'><strong>sanguine</strong></span> <span class='ocrx_word' id='word_1_186' title='bbox 485 3666 649 3738; x_wconf 88' lang='lat' dir='ltr'><strong>habebat</strong></span> <span class='ocrx_word' id='word_1_187' title='bbox 664 3667 834 3764; x_wconf 85' lang='lat' dir='ltr'><strong>turgida,</strong></span> <span class='ocrx_word' id='word_1_188' title='bbox 850 3680 895 3738; x_wconf 92' lang='lat' dir='ltr'><strong>ut</strong></span> <span class='ocrx_word' id='word_1_189' title='bbox 909 3666 1020 3740; x_wconf 88' lang='lat' dir='ltr'><strong>valde</strong></span> <span class='ocrx_word' id='word_1_190' title='bbox 1040 3666 1200 3740; x_wconf 86' lang='lat' dir='ltr'><strong>ruberet</strong></span> <span class='ocrx_word' id='word_1_191' title='bbox 1219 3671 1298 3740; x_wconf 91' lang='lat' dir='ltr'><strong>uni-</strong></span> 
     </span>
     <span class='ocr_line' id='line_1_29' title="bbox 283 3756 1296 3881; baseline 0.006 -32"><span class='ocrx_word' id='word_1_192' title='bbox 283 3789 552 3855; x_wconf 84' lang='lat' dir='ltr'><strong>versa.&#39;Serum</strong></span> <span class='ocrx_word' id='word_1_193' title='bbox 579 3786 618 3854; x_wconf 88' lang='lat' dir='ltr'><strong>in</strong></span> <span class='ocrx_word' id='word_1_194' title='bbox 648 3784 794 3856; x_wconf 87' lang='lat' dir='ltr'><strong>cerebri</strong></span> <span class='ocrx_word' id='word_1_195' title='bbox 817 3756 1048 3857; x_wconf 82' lang='lat' dir='ltr'><strong>arilractibus</strong></span> <span class='ocrx_word' id='word_1_196' title='bbox 1070 3783 1239 3881; x_wconf 82' lang='lat' dir='ltr'><strong>suberat.</strong></span> <span class='ocrx_word' id='word_1_197' title='bbox 1257 3790 1296 3856; x_wconf 89' lang='lat' dir='ltr'><strong>ln</strong></span> 
     </span>
     <span class='ocr_line' id='line_1_30' title="bbox 280 3897 1296 3999; baseline 0.005 -32"><span class='ocrx_word' id='word_1_198' title='bbox 280 3897 497 3972; x_wconf 81' lang='lat' dir='ltr'><strong>lateralibus</strong></span> <span class='ocrx_word' id='word_1_199' title='bbox 514 3926 669 3999; x_wconf 88' lang='lat' dir='ltr'><strong>quoque</strong></span> <span class='ocrx_word' id='word_1_200' title='bbox 683 3904 902 3975; x_wconf 84' lang='lat' dir='ltr'><strong>ventriculis</strong></span> <span class='ocrx_word' id='word_1_201' title='bbox 914 3927 1040 3975; x_wconf 88' lang='lat' dir='ltr'><strong>serum</strong></span> <span class='ocrx_word' id='word_1_202' title='bbox 1053 3900 1146 3993; x_wconf 83' lang='lat' dir='ltr'><strong>fuit,</strong></span> <span class='ocrx_word' id='word_1_203' title='bbox 1161 3903 1296 3975; x_wconf 88' lang='lat' dir='ltr'><strong>subru-</strong></span> 
     </span>
     <span class='ocr_line' id='line_1_31' title="bbox 277 4014 1295 4122; baseline 0.006 -37"><span class='ocrx_word' id='word_1_204' title='bbox 277 4014 409 4105; x_wconf 86' lang='lat' dir='ltr'><strong>brum,</strong></span> <span class='ocrx_word' id='word_1_205' title='bbox 427 4017 491 4090; x_wconf 89' lang='lat' dir='ltr'><strong>sed</strong></span> <span class='ocrx_word' id='word_1_206' title='bbox 504 4044 680 4117; x_wconf 88' lang='lat' dir='ltr'><strong>paucum.</strong></span> <span class='ocrx_word' id='word_1_207' title='bbox 692 4021 843 4110; x_wconf 85' lang='lat' dir='ltr'><strong>Plures,</strong></span> <span class='ocrx_word' id='word_1_208' title='bbox 858 4045 930 4093; x_wconf 87' lang='lat' dir='ltr'><strong>nec</strong></span> <span class='ocrx_word' id='word_1_209' title='bbox 942 4045 1065 4121; x_wconf 74' lang='lat' dir='ltr'><strong>parvae</strong></span> <span class='ocrx_word' id='word_1_210' title='bbox 1074 4075 1087 4122; x_wconf 27' lang='lat'><strong>,¹</strong></span> <span class='ocrx_word' id='word_1_211' title='bbox 1096 4018 1295 4118; x_wconf 82' lang='lat' dir='ltr'><strong>hydatides</strong></span> 
     </span>
    </p>
   </div>
   <div class='ocr_carea' id='block_1_5' title="bbox 0 0 1398 4668">
    <p class='ocr_par' dir='ltr' id='par_1_5' title="bbox 0 0 1398 4668">
     <span class='ocr_line' id='line_1_32' title="bbox 0 0 1398 4668; baseline 0 0"><span class='ocrx_word' id='word_1_212' title='bbox 0 0 1398 4668; x_wconf 95' lang='lat' dir='ltr'><strong> </strong></span> 
     </span>
    </p>
   </div>
  </div>
 </body>
</html>
