2784 4668
316 489 383 563 150
479 515 525 559 uu
552 512 697 560 seorsus
722 513 766 557 ur
792 510 916 560 cuusrs
941 511 1150 559 uouaouuu
1229 536 1231 543 κ

311 628 371 700 vel
393 628 498 699 omni
517 627 605 697 artis
630 625 667 694 vi
681 624 921 713 ,dissuantum
946 621 1196 696 confirmante
1216 627 1325 697 insu-

312 770 380 844 per
403 744 457 815 cl.
481 743 665 839 Bergenio
690 740 767 839 (1),
793 765 873 813 uon
902 743 1048 840 ignoro.
1079 746 1323 815 Praecesserat

312 863 466 935 demum
484 861 697 931 Ramazzini
710 859 948 957 apoplexiam
966 860 1029 931 illa
1043 885 1127 958 quae
1145 859 1323 932 abeunti·

311 978 384 1050 bus
399 979 657 1077 palpitationi,
672 992 710 1051 et
731 976 971 1049 hemicrania
991 977 1187 1063 successit,
1216 975 1324 1047 etad

311 1097 395 1167 vitae
413 1120 536 1193 usque
548 1099 689 1169 exitum
705 1097 887 1194 perstitit,
901 1096 1015 1169 unius
1030 1096 1216 1195 primum,
1233 1118 1324 1166 mox

313 1228 350 1285 et
369 1214 523 1285 alterius
542 1214 645 1285 oculi
663 1214 815 1284 caecitas.
835 1214 926 1302 Quae
946 1237 1035 1286 sane
1054 1214 1182 1285 omnia
1204 1226 1324 1285 atten-

312 1329 418 1402 denti
446 1330 559 1419 mihi,
589 1354 757 1428 quocum
783 1329 846 1403 ille
872 1355 943 1429 pro
965 1330 1149 1402 benevola
1180 1327 1229 1399 de
1262 1352 1324 1399 me

313 1452 493 1547 opinione
508 1449 736 1522 valetudinis
749 1449 992 1521 incommoda
1001 1445 1324 1535 communicabat,

311 1568 639 1651 verisimillimum
654 1563 873 1655 videbatur,
894 1564 942 1638 ab
959 1565 1090 1637 eadem
1109 1587 1220 1636 causa
1238 1587 1322 1661 quae

313 1685 438 1757 cordis
454 1687 545 1757 olim
560 1686 845 1784 palpitationem
860 1686 1075 1769 excitasset,
1089 1684 1239 1754 iuterna
1258 1679 1322 1752 be·

312 1804 494 1873 micrania
510 1801 682 1890 inducta,
697 1803 851 1874 arterias
865 1801 1027 1899 aliquas,
1045 1813 1263 1872 remorante
1272 1798 1320 1870 ob

314 1919 527 1995 dolorificas
560 1921 838 1993 contractiones
874 1921 1076 2018 sanguine,
1103 1919 1203 1989 intra
1239 1941 1321 1988 cra·
1383 1940 1384 1947 ¹

314 2041 441 2125 nium,
461 2051 498 2108 et
511 2034 713 2109 fortassein
721 2037 836 2136 plexu
851 2036 1051 2124 choroide,
1064 2035 1201 2107 eodem
1215 2033 1322 2137 quod

313 2157 353 2225 in
369 2169 529 2251 utraque
547 2179 663 2228 manu
677 2155 997 2253 conspiciebatur,
1012 2150 1226 2226 vitiofiusse
1241 2176 1320 2224 cor·

315 2286 459 2368 reptas,
476 2296 599 2370 eoque
615 2276 753 2346 sensim
768 2274 1000 2346 increscente
1015 2295 1165 2371 pressos
1180 2272 1321 2372 optico-

315 2414 401 2459 rum
418 2414 624 2461 nervorum
639 2390 825 2463 thalamos
843 2391 1043 2462 caecitatem
1065 2390 1237 2462 intulisse
1257 2417 1265 2458 :
1286 2404 1321 2461 et

314 2506 506 2602 perruptis
531 2502 697 2605 denique
721 2508 982 2579 arteriolarum
1008 2532 1139 2580 earum
1163 2506 1320 2596 tunicis,

314 2620 512 2722 effusoque
532 2625 572 2695 in
587 2626 820 2698 ventriculos
834 2629 1030 2724 sanguine,
1044 2624 1224 2697 lethalem
1237 2649 1322 2724 apo-

313 2741 478 2838 plexiam
497 2743 695 2840 ingruisse.

363 2885 397 2956 9.
424 2860 614 2949 Quoniam
639 2862 721 2957 ejus
742 2861 900 2933 cadaver
920 2886 1002 2934 non
1027 2875 1082 2932 est
1101 2860 1318 2948 dissectum

315 2995 436 3068 recte,
460 3005 509 3051 an
536 3003 644 3051 secus
669 2978 916 3073 conjecerim,
942 2977 1095 3049 nescio:
1112 2975 1209 3048 illud
1226 2979 1319 3064 scio,

317 3098 346 3167 si
374 3097 436 3166 cui
465 3093 562 3168 forte
581 3096 744 3193 placeat,
770 3118 947 3167 cavernas
971 3084 1065 3193 quas
1086 3096 1186 3166 intra
1204 3096 1319 3193 ipsam

316 3211 464 3283 cerebri
478 3213 723 3286 substantiam
741 3214 942 3312 descripsi,
966 3212 1015 3284 ad
1037 3227 1319 3308 aneurysmata,

311 3330 502 3403 *varicesve
528 3356 728 3421 revocare,
755 3330 965 3402 cavendum
987 3329 1042 3399 illi
1066 3354 1146 3402 esse
1165 3344 1320 3429 propter

316 3470 457 3544 eaquae
474 3472 586 3547 supra
602 3449 656 3547 (2)
671 3448 833 3523 indicata
846 3464 934 3522 sunt
947 3504 957 3538 ,
972 3475 1021 3520 ne
1034 3472 1213 3523 cavernas
1227 3451 1319 3549 ipsas

245 3655 250 3659 ²
316 3587 387 3661 pro
413 3567 492 3636 veri
515 3567 805 3662 aneurysmatis,
828 3568 1122 3639 varicisve‘cavo
1146 3568 1318 3667 accipiat,

317 3681 356 3752 iu
383 3705 466 3753 eam
496 3685 633 3756 sensim
671 3683 960 3783 amplitudinem
989 3711 1166 3783 expanso.
1202 3684 1317 3756 Multo

354 3968 400 4043 (1)
420 3966 554 4026 Method.
569 3971 655 4027 Crau.
670 3991 737 4028 ossa
752 3972 914 4047 dissuendi.

359 4068 403 4143 (a)
423 4070 461 4123 N.
483 4068 511 4125 3.
