2774 4670
274 404 346 503 498
439 428 487 474 ur
513 425 661 474 moinus
685 426 730 471 ur
755 424 882 473 uuusrs
905 426 1112 475 uonnormr

269 562 461 640 pungere,
486 562 610 635 eoque
629 539 766 636 magis,
791 561 868 636 quo
895 541 1013 638 magis
1038 539 1281 628 crescebant,

269 682 349 733 non
363 667 528 756 possent.
544 653 679 729 Vidisti
696 680 874 753 quoque;
897 672 938 727 ut
957 681 1058 735 nunc
1077 657 1146 731 alic
1161 659 1280 729 Italo-

266 800 354 851 rum
369 773 624 872 experimenta
637 788 873 873 pt‘aetet‘eam3
886 774 1027 862 vidisti,
1042 777 1219 871 inquam,
1237 777 1280 847 in

265 891 516 975 Bononiensis
526 892 661 965 Scient.
677 889 883 969 tcadomae
897 894 1188 967 Commentariis
1202 895 1218 990 (
1225 892 1282 988 ι),

266 1035 353 1085 cum
382 1009 441 1083 vir
468 1010 591 1080 clarus
607 1011 737 1084 Petrus
757 1010 894 1083 Paulus
913 1008 1127 1083 Molinellus
1152 1026 1281 1085 retec-

264 1140 342 1209 tum
363 1128 405 1203 in
427 1140 534 1225 purte
551 1127 637 1199 vivo
655 1124 740 1201 cani
760 1125 895 1199 durum
914 1141 1071 1199 matrem
1086 1132 1225 1203 iterum
1245 1143 1283 1199 et

262 1249 400 1344 sceptus
416 1257 628 1342 pungeret,
657 1244 885 1327 observasse,
915 1266 1046 1315 canem
1066 1245 1283 1325 coreoulsio-

263 1365 371 1441 stibus
389 1367 557 1459 torqueri
570 1364 705 1445 variis,
713 1364 927 1456 praesertim
939 1384 1022 1437 cum
1036 1385 1082 1431 eu
1092 1386 1190 1457 pars
1207 1362 1285 1441 du·

262 1505 318 1555 rm
334 1484 465 1555 matris
476 1490 722 1575 pungeretur,
741 1501 828 1572 quoe
841 1477 1072 1553 moxzmeod
1082 1503 1122 1548 os
1139 1478 1283 1559 adlate-

261 1600 374 1673 rebat.
394 1600 453 1671 itu
470 1595 585 1692 igitur
603 1618 755 1667 causam
769 1593 992 1691 ejus‚quod
1003 1585 1175 1692 apparet,
1198 1597 1283 1675 dis-

260 1714 427 1791 criminis
448 1711 496 1785 ab
520 1711 592 1785 huc
613 1712 745 1783 ultima
769 1712 1018 1809 experimenti
1037 1690 1141 1809 parte
1158 1737 1282 1812 repe-
1319 1742 1322 1748 ·

258 1846 401 1919 temus,
423 1829 668 1925 conjicientes
690 1828 730 1905 id
757 1828 862 1926 quod
887 1831 986 1903 ratio
1012 1854 1167 1926 quoquc
1189 1832 1283 1928 ipsa

261 1947 478 2038 confirmat,
495 1948 569 2023 nisi
586 1971 692 2045 aequc
707 1960 823 2021 teusae
835 1949 1030 2049 meninges
1047 1936 1133 2035 sint,
1149 1973 1286 2046 oqua-

258 2067 506 2142 lesabearum
513 2065 721 2139 irritatione
731 2062 885 2143 effectus
894 2088 972 2139 non
981 2090 1061 2143 esse
1069 2081 1285 2163 expectem

259 2184 340 2256 dos.
358 2182 471 2272 Quod
485 2208 575 2257 vero
592 2185 711 2282 magis
732 2185 952 2269 sintiemae,
972 2208 1052 2259 non
1070 2184 1200 2262 sotum
1214 2184 1284 2259 ad-

258 2301 374 2378 hosio
393 2301 439 2373 ad
460 2325 518 2390 os,
538 2301 605 2377 sed
621 2315 659 2374 ct
675 2302 766 2390 alia,
782 2316 825 2375 ut
840 2325 1016 2375 vasorum
1030 2300 1222 2377 distensio
1237 2306 1281 2377 in

258 2435 439 2517 utruque,
459 2433 496 2492 et
513 2419 615 2513 justo
627 2418 747 2515 major
758 2416 1073 2511 duritiescerehri
1082 2420 1127 2517 1¹¹
1143 2423 1281 2509 tenui,

259 2563 343 2635 quae
358 2538 530 2636 proxime
549 2537 673 2634 ipsum
698 2538 904 2625 convestit,
925 2526 1086 2634 possunt
1103 2533 1277 2615 efficere.

256 2656 347 2745 Quae
358 2651 508 2730 'ductae
528 2653 745 2730 meminoris
762 2651 877 2731 fuisse
896 2652 1043 2731 anobis
1054 2654 1094 2724 in
1110 2653 1282 2750 quibim-

257 2771 363 2860 dam,
385 2771 435 2843 de
456 2771 595 2868 quibus
614 2794 727 2869 supra
746 2770 801 2871 (u)
818 2772 1052 2858 dictumest,
1073 2771 1280 2849 cadaveri-

255 2890 347 2978 bus,
366 2904 403 2962 et
422 2890 463 2963 in
480 2889 555 2963 hoc
576 2890 803 2988 presertim,
830 2890 977 2989 dequo
1001 2891 1222 2987 loquimur,
1244 2895 1278 2967 si

256 3033 336 3082 uon
352 3007 606 3103 conjunctim,
631 3022 667 3079 at
688 3023 789 3085 certe
809 3032 978 3081 seorsum
996 3007 1195 3095 adnotata„
1210 3013 1275 3083 Sic

257 3126 358 3199 enim
368 3121 512 3199 facilius
522 3123 759 3218 conjecturas
771 3126 931 3222 accipies
944 3126 1089 3221 quasin
1102 3127 1213 3223 egris
1227 3128 1278 3199 it·

255 3240 301 3315 lis
313 3242 584 3339 proposuimus
600 3239 647 3315 de
664 3240 1134 3317 membranarumecrebri
1146 3246 1274 3319 urim-

255 3358 369 3451 tione.
389 3356 446 3431 Ad
467 3357 719 3456 eumdemque
738 3358 896 3433 modum
917 3360 1127 3457 intelligere
1153 3361 1271 3437 eoam

255 3475 402 3574 poteris
424 3475 528 3573 quod
552 3474 641 3553 alihi
667 3475 707 3549 in
736 3476 899 3553 laudam
915 3479 1037 3576 Regio
1053 3479 1269 3559 Academiae

293 3830 337 3909 (ι)
357 3835 440 3891 Tom.
458 3802 482 3888 1}
500 3834 554 3889 uhi
568 3828 765 3892 anatomicam
866 3894 869 3899 ,
984 3828 989 3833 ’

292 3947 336 4025 (2)
356 3952 394 4006 N.
413 3970 447 4026 9,
471 3969 522 4021 η,
544 3958 590 4018 14.
