2784 4668
173 482 176 483 ⁷
207 423 277 468 mn.
305 423 330 468 ι.
358 420 889 489 nnuonn1smr1r1s,nr1sr.
917 429 972 476 111.
1030 408 1099 506 159

83 532 180 608 dum
207 540 369 623 viveret,
396 534 606 624 medicum,
630 551 668 611 et
692 539 732 641 in
757 541 899 612 caeteris
927 568 1010 639 quae
1043 544 1100 618 fu·
1208 562 1211 583 ⁸

83 652 226 750 gienda
251 653 315 723 hic
336 652 472 743 crede,
500 652 671 751 alioquin
698 654 798 727 idem
831 658 935 755 quod
963 663 1100 762 reliqui

84 770 169 867 ejus
189 794 319 868 pares,
337 771 476 842 merito
495 770 715 862 docentem,
734 773 830 883 adeo
848 801 928 847 non
942 783 1100 873 cavisse,

82 889 228 977 miror,
249 890 348 959 utin
369 886 442 958 hac
456 885 504 959 de
520 912 596 984 qua
617 889 831 986 loquimur,
860 893 1006 966 cerebri
1027 896 1100 970 hae-

81 1002 307 1102 morrhagia
340 1004 514 1101 spiritum
542 1005 628 1079 salis
653 1009 897 1096 ammoniaci,
930 1028 995 1085 aut
1020 1018 1101 1113 ejus
1179 1119 1181 1123 ἢ

82 1121 138 1194 sal
154 1121 308 1193 volatile
323 1122 453 1220 pluma
471 1121 520 1192 ad
535 1123 719 1194 interiora
731 1128 880 1198 narium
896 1129 1101 1207 admoven-

83 1236 203 1323 dum,
219 1238 409 1311 autetiam
425 1262 494 1335 per
514 1238 700 1311 calamum
721 1244 962 1341 scriptorium
980 1251 1100 1323 insuf-

82 1352 280 1443 flandum,
295 1358 484 1456 praecipue
503 1361 835 1436 commendaverit.
1014 1432 1017 1442 ,
1086 1444 1089 1453 ,

140 1471 196 1544 13.
214 1476 260 1543 Et
278 1470 325 1543 de
346 1498 388 1544 ea
403 1488 626 1571 tempestate
650 1479 794 1574 aliquid
823 1482 1101 1578 subjiciendum

83 1603 161 1677 est,
183 1611 261 1684 qua
275 1588 373 1678 Tita,
393 1588 532 1686 aliique
550 1592 651 1665 inter
664 1608 818 1669 caeteros
833 1599 1013 1698 disruptis
1025 1631 1101 1680 san·

84 1703 245 1819 guiseris
262 1705 614 1786 vasisinterierunt.
635 1713 817 1808 Magnum
831 1714 897 1788 his
915 1735 1015 1796 certe
1036 1749 1102 1822 pe·

84 1820 255 1915 ribulum
286 1822 459 1896 imminet
491 1825 637 1922 rigente
670 1826 825 1920 bruma,
851 1850 916 1906 aut
935 1835 1101 1918 fervente

86 1953 235 2022 aestate,
261 1964 366 2011 nunc
399 1940 555 2043 quidem
574 1967 613 2014 se
637 1947 819 2044 sanguine
845 1957 1100 2053 expandente,

84 2071 181 2129 tunc
214 2081 306 2129 vero
328 2059 443 2147 vasis,
472 2062 644 2133 externis
657 2068 863 2161 praesertim
881 2082 1101 2173 contractis,

87 2189 132 2248 ut
146 2188 256 2259 tanto
275 2174 361 2273 plus
377 2177 588 2274 sanguinis,
602 2183 702 2252 aucti
715 2184 871 2284 insuper
884 2190 934 2264 ob
952 2195 1115 2273 insensi'
1167 2278 1170 2284 ,
1222 2252 1227 2265 .

37 2310 41 2313 ’
87 2292 209 2366 bilem
241 2291 460 2391 impeditam
497 2298 847 2394 transpirationem,
872 2307 920 2379 ab
943 2313 1102 2403 internis

89 2410 443 2484 continendumsit
464 2411 536 2484 Sed
555 2429 784 2491 tamencum
803 2427 961 2520 sensim,
979 2450 1017 2505 et
1031 2462 1101 2536 per

88 2526 279 2626 quosdam
294 2529 402 2625 quasi
416 2529 555 2629 gradus
569 2533 617 2603 ad
632 2558 822 2611 summum
831 2544 1022 2647 autfrigus
1036 2572 1102 2628 aut

89 2651 258 2723 calorem
265 2653 506 2750 pervenitur,
521 2658 658 2728 sensim
667 2684 823 2757 quoque
831 2688 870 2735 se
878 2669 1103 2743 contrahen-

90 2766 196 2838 tibus
212 2769 327 2863 uasis,
344 2783 411 2840 aut
430 2772 568 2848 sensim
587 2798 674 2846 cum
693 2780 875 2876 sanguine
891 2786 1102 2881 expanden-

91 2883 212 2974 tibus,
234 2884 431 2983 aliquanto
456 2890 583 2963 minus
597 2894 757 2990 periculi
779 2910 851 2985 est,
871 2920 990 2997 quam
1010 2927 1099 2977 cum

90 3016 248 3101 repente
275 3003 498 3077 alterutrum
521 3005 582 3095 fit,
600 3009 704 3081 velut
725 3037 771 3083 eo
792 3028 974 3114 tempore.
995 3025 1100 3096 Tunc

92 3121 195 3199 enim
217 3119 365 3193 subitus
391 3126 487 3194 aeris
512 3125 615 3196 calor
633 3126 822 3199 insolitam
845 3139 1019 3235 sanguini
1036 3167 1100 3213 ex·
1162 3215 1163 3218 ,

93 3237 317 3334 pensionem
330 3238 534 3327 attulerat,
553 3264 641 3311 cum
659 3241 709 3315 ob
724 3248 884 3322 maxime
903 3251 1102 3335 diuturnas

93 3351 320 3451 subfrigidas
334 3354 574 3452 tempestates
591 3382 662 3429 nec
682 3358 833 3434 dilatata
851 3366 976 3442 adhuc
997 3355 1104 3468 vasa,
1121 3414 1123 3420 ·

94 3492 163 3543 nec
178 3471 333 3568 sanguis
348 3496 421 3569 per
438 3497 521 3544 eam
536 3499 619 3571 quae
632 3477 767 3550 >oculos
783 3477 899 3580 fugit,
917 3494 1102 3589 perspira-

89 3588 238 3660 'tionem
257 3603 353 3662 esset
365 3588 599 3663 imminutus.
615 3598 730 3668 Erant
743 3613 922 3695 preterea
936 3606 987 3678 ob
995 3634 1101 3709 aeqne

96 3703 294 3778 diuturnas
319 3708 466 3806 pluvias
493 3724 572 3782 tam
599 3710 758 3786 infirmae
782 3743 959 3794 vasorum
978 3724 1101 3819 fihrae,

96 3847 209 3921 quam
229 3850 313 3925 quae
339 3833 517 3923 maxime,
539 3860 658 3934 eaque
679 3836 726 3911 de
746 3863 856 3913 causa
874 3841 1103 3944 disruptioni

96 3945 211 4041 magis
226 3943 409 4020 obnoxiae.
431 3948 696 4028 Exhisantem
715 3957 989 4058 omnibusque
1003 3959 1102 4035 dicta
