<?xml version="1.0" encoding="UTF-8"?>
<!DOCTYPE html PUBLIC "-//W3C//DTD XHTML 1.0 Transitional//EN"
    "http://www.w3.org/TR/xhtml1/DTD/xhtml1-transitional.dtd">
<html xmlns="http://www.w3.org/1999/xhtml" xml:lang="en" lang="en">
 <head>
  <title>
</title>
<meta http-equiv="Content-Type" content="text/html;charset=utf-8" />
  <meta name='ocr-system' content='tesseract 3.04.00' />
  <meta name='ocr-capabilities' content='ocr_page ocr_carea ocr_par ocr_line ocrx_word'/>
</head>
<body>
  <div class='ocr_page' id='page_1' title='image "./desedibusetcaus06adelgoog_0112.png"; bbox 0 0 2784 4668; ppageno 0'>
   <div class='ocr_carea' id='block_1_1' title="bbox 218 472 1083 578">
    <p class='ocr_par' dir='ltr' id='par_1_1' title="bbox 218 472 1083 578">
     <span class='ocr_line' id='line_1_1' title="bbox 218 472 1083 578; baseline 0.002 -16"><span class='ocrx_word' id='word_1_1' title='bbox 218 508 287 562; x_wconf 79' lang='lat' dir='ltr'>tir.</span> <span class='ocrx_word' id='word_1_2' title='bbox 315 513 341 561; x_wconf 82' lang='grc' dir='ltr'>ι.</span> <span class='ocrx_word' id='word_1_3' title='bbox 368 472 896 578; x_wconf 75' lang='lat' dir='ltr'>nruonarsoarms,ra1sr.</span> <span class='ocrx_word' id='word_1_4' title='bbox 923 510 963 560; x_wconf 82' lang='grc' dir='ltr'>ιι.</span> <span class='ocrx_word' id='word_1_5' title='bbox 1020 510 1083 564; x_wconf 83' lang='lat' dir='ltr'>ror</span> 
     </span>
    </p>
   </div>
   <div class='ocr_carea' id='block_1_2' title="bbox 6 616 1140 3303">
    <p class='ocr_par' dir='ltr' id='par_1_2' title="bbox 86 616 1102 1074">
     <span class='ocr_line' id='line_1_2' title="bbox 88 616 1086 727; baseline -0.001 -26"><span class='ocrx_word' id='word_1_6' title='bbox 88 650 199 727; x_wconf 87' lang='lat' dir='ltr'>quam</span> <span class='ocrx_word' id='word_1_7' title='bbox 215 628 400 725; x_wconf 93' lang='lat' dir='ltr'>coegerit,</span> <span class='ocrx_word' id='word_1_8' title='bbox 412 616 465 697; x_wconf 91' lang='lat' dir='ltr'>ibi</span> <span class='ocrx_word' id='word_1_9' title='bbox 483 626 690 723; x_wconf 77' lang='lat' dir='ltr'>conjicere,</span> <span class='ocrx_word' id='word_1_10' title='bbox 706 621 832 724; x_wconf 89' lang='lat' dir='ltr'>quoad</span> <span class='ocrx_word' id='word_1_11' title='bbox 846 625 927 721; x_wconf 83' lang='lat' dir='ltr'>ejus</span> <span class='ocrx_word' id='word_1_12' title='bbox 937 622 1086 718; x_wconf 86' lang='lat' dir='ltr'>licebit,</span> 
     </span>
     <span class='ocr_line' id='line_1_3' title="bbox 86 734 1090 841; baseline -0.003 -24"><span class='ocrx_word' id='word_1_13' title='bbox 86 734 321 817; x_wconf 75' lang='lat' dir='ltr'>conabimur.</span> <span class='ocrx_word' id='word_1_14' title='bbox 339 747 395 815; x_wconf 88' lang='lat' dir='ltr'>De</span> <span class='ocrx_word' id='word_1_15' title='bbox 409 743 468 815; x_wconf 89' lang='lat' dir='ltr'>his</span> <span class='ocrx_word' id='word_1_16' title='bbox 480 758 626 832; x_wconf 88' lang='lat' dir='ltr'>autem,</span> <span class='ocrx_word' id='word_1_17' title='bbox 640 768 721 841; x_wconf 86' lang='lat' dir='ltr'>quae</span> <span class='ocrx_word' id='word_1_18' title='bbox 738 741 942 815; x_wconf 74' lang='lat' dir='ltr'>manifestae</span> <span class='ocrx_word' id='word_1_19' title='bbox 954 768 1090 816; x_wconf 87' lang='lat' dir='ltr'>occur·</span> 
     </span>
     <span class='ocr_line' id='line_1_4' title="bbox 87 857 1102 964; baseline 0.003 -31"><span class='ocrx_word' id='word_1_20' title='bbox 87 883 168 934; x_wconf 85' lang='lat' dir='ltr'>rere</span> <span class='ocrx_word' id='word_1_21' title='bbox 194 860 307 933; x_wconf 91' lang='lat' dir='ltr'>nobis</span> <span class='ocrx_word' id='word_1_22' title='bbox 324 861 423 932; x_wconf 91' lang='lat' dir='ltr'>intra</span> <span class='ocrx_word' id='word_1_23' title='bbox 439 861 609 932; x_wconf 86' lang='lat' dir='ltr'>cranium</span> <span class='ocrx_word' id='word_1_24' title='bbox 630 857 773 948; x_wconf 90' lang='lat' dir='ltr'>solent,</span> <span class='ocrx_word' id='word_1_25' title='bbox 800 859 972 934; x_wconf 86' lang='lat' dir='ltr'>dabimus</span> <span class='ocrx_word' id='word_1_26' title='bbox 996 887 1102 964; x_wconf 20' lang='lat' dir='ltr'>ope-¹</span> 
     </span>
     <span class='ocr_line' id='line_1_5' title="bbox 86 975 856 1074; baseline -0.004 -24"><span class='ocrx_word' id='word_1_27' title='bbox 86 1002 165 1050; x_wconf 86' lang='lat' dir='ltr'>ram</span> <span class='ocrx_word' id='word_1_28' title='bbox 182 993 227 1050; x_wconf 94' lang='lat' dir='ltr'>ut</span> <span class='ocrx_word' id='word_1_29' title='bbox 248 975 410 1049; x_wconf 89' lang='lat' dir='ltr'>dilucide</span> <span class='ocrx_word' id='word_1_30' title='bbox 428 1002 470 1049; x_wconf 90' lang='lat' dir='ltr'>ac</span> <span class='ocrx_word' id='word_1_31' title='bbox 490 977 620 1074; x_wconf 83' lang='lat' dir='ltr'>partite</span> <span class='ocrx_word' id='word_1_32' title='bbox 640 976 856 1050; x_wconf 89' lang='lat' dir='ltr'>scribamus.</span> 
     </span>
    </p>

    <p class='ocr_par' dir='ltr' id='par_1_3' title="bbox 6 1094 1140 3303">
     <span class='ocr_line' id='line_1_6' title="bbox 122 1094 1089 1193; baseline 0.007 -30"><span class='ocrx_word' id='word_1_33' title='bbox 122 1094 168 1168; x_wconf 74' lang='lat' dir='ltr'>t.</span> <span class='ocrx_word' id='word_1_34' title='bbox 196 1100 261 1166; x_wconf 87' lang='lat' dir='ltr'>Hae</span> <span class='ocrx_word' id='word_1_35' title='bbox 278 1095 501 1192; x_wconf 89' lang='lat' dir='ltr'>plerumque</span> <span class='ocrx_word' id='word_1_36' title='bbox 520 1109 584 1168; x_wconf 89' lang='lat' dir='ltr'>aut</span> <span class='ocrx_word' id='word_1_37' title='bbox 596 1095 848 1193; x_wconf 84' lang='lat' dir='ltr'>insanguine,</span> <span class='ocrx_word' id='word_1_38' title='bbox 868 1097 986 1168; x_wconf 85' lang='lat' dir='ltr'>autin</span> <span class='ocrx_word' id='word_1_39' title='bbox 1004 1121 1089 1175; x_wconf 84' lang='lat' dir='ltr'>sero</span> 
     </span>
     <span class='ocr_line' id='line_1_7' title="bbox 89 1208 1090 1315; baseline 0.002 -31"><span class='ocrx_word' id='word_1_40' title='bbox 89 1213 320 1302; x_wconf 87' lang='lat' dir='ltr'>consistunt,</span> <span class='ocrx_word' id='word_1_41' title='bbox 337 1234 612 1310; x_wconf 88' lang='lat' dir='ltr'>nonnunquam</span> <span class='ocrx_word' id='word_1_42' title='bbox 631 1209 723 1286; x_wconf 91' lang='lat' dir='ltr'>etin</span> <span class='ocrx_word' id='word_1_43' title='bbox 741 1211 831 1285; x_wconf 82' lang='lat' dir='ltr'>aliis.</span> <span class='ocrx_word' id='word_1_44' title='bbox 849 1208 922 1315; x_wconf 85' lang='lat' dir='ltr'>Sed</span> <span class='ocrx_word' id='word_1_45' title='bbox 940 1235 1010 1284; x_wconf 92' lang='lat' dir='ltr'>nos</span> <span class='ocrx_word' id='word_1_46' title='bbox 1030 1239 1090 1286; x_wconf 90' lang='lat' dir='ltr'>ra·</span> 
     </span>
     <span class='ocr_line' id='line_1_8' title="bbox 86 1330 1091 1426; baseline 0 -24"><span class='ocrx_word' id='word_1_47' title='bbox 86 1332 207 1402; x_wconf 86' lang='lat' dir='ltr'>riores</span> <span class='ocrx_word' id='word_1_48' title='bbox 234 1352 362 1400; x_wconf 82' lang='lat' dir='ltr'>causas</span> <span class='ocrx_word' id='word_1_49' title='bbox 381 1330 422 1413; x_wconf 83' lang='lat' dir='ltr'>in</span> <span class='ocrx_word' id='word_1_50' title='bbox 440 1330 687 1401; x_wconf 90' lang='lat' dir='ltr'>novissimum</span> <span class='ocrx_word' id='word_1_51' title='bbox 707 1331 919 1426; x_wconf 85' lang='lat' dir='ltr'>rejicientes</span> <span class='ocrx_word' id='word_1_52' title='bbox 937 1331 1091 1423; x_wconf 90' lang='lat' dir='ltr'>locum,</span> 
     </span>
     <span class='ocr_line' id='line_1_9' title="bbox 86 1444 1088 1549; baseline 0.001 -32"><span class='ocrx_word' id='word_1_53' title='bbox 86 1444 363 1544; x_wconf 81' lang='lat' dir='ltr'>frequentiores</span> <span class='ocrx_word' id='word_1_54' title='bbox 389 1444 470 1519; x_wconf 91' lang='lat' dir='ltr'>illas</span> <span class='ocrx_word' id='word_1_55' title='bbox 497 1446 589 1519; x_wconf 88' lang='lat' dir='ltr'>duas</span> <span class='ocrx_word' id='word_1_56' title='bbox 617 1448 781 1547; x_wconf 87' lang='lat' dir='ltr'>primum</span> <span class='ocrx_word' id='word_1_57' title='bbox 806 1472 1088 1549; x_wconf 87' lang='lat' dir='ltr'>persequemur.</span> 
     </span>
     <span class='ocr_line' id='line_1_10' title="bbox 87 1563 1091 1663; baseline 0.002 -28"><span class='ocrx_word' id='word_1_58' title='bbox 87 1565 142 1635; x_wconf 82' lang='lat' dir='ltr'>Eae</span> <span class='ocrx_word' id='word_1_59' title='bbox 157 1618 167 1653; x_wconf 95' lang='lat'>,</span> <span class='ocrx_word' id='word_1_60' title='bbox 182 1564 326 1662; x_wconf 88' lang='lat' dir='ltr'>quippe</span> <span class='ocrx_word' id='word_1_61' title='bbox 339 1565 471 1663; x_wconf 77' lang='lat' dir='ltr'>saepius</span> <span class='ocrx_word' id='word_1_62' title='bbox 483 1563 769 1652; x_wconf 88' lang='lat' dir='ltr'>animadversae,</span> <span class='ocrx_word' id='word_1_63' title='bbox 782 1563 972 1636; x_wconf 89' lang='lat' dir='ltr'>celebrem</span> <span class='ocrx_word' id='word_1_64' title='bbox 986 1565 1091 1637; x_wconf 88' lang='lat' dir='ltr'>illam</span> 
     </span>
     <span class='ocr_line' id='line_1_11' title="bbox 86 1679 1090 1779; baseline 0.001 -28"><span class='ocrx_word' id='word_1_65' title='bbox 86 1680 290 1779; x_wconf 83' lang='lat' dir='ltr'>apoplexiae</span> <span class='ocrx_word' id='word_1_66' title='bbox 304 1679 524 1755; x_wconf 86' lang='lat' dir='ltr'>divisionem</span> <span class='ocrx_word' id='word_1_67' title='bbox 543 1695 773 1779; x_wconf 87' lang='lat' dir='ltr'>pepererunt</span> <span class='ocrx_word' id='word_1_68' title='bbox 787 1682 828 1750; x_wconf 87' lang='lat' dir='ltr'>in</span> <span class='ocrx_word' id='word_1_69' title='bbox 846 1681 1090 1779; x_wconf 86' lang='lat' dir='ltr'>sanguineam</span> 
     </span>
     <span class='ocr_line' id='line_1_12' title="bbox 89 1797 1091 1897; baseline 0.001 -28"><span class='ocrx_word' id='word_1_70' title='bbox 89 1811 125 1869; x_wconf 88' lang='lat' dir='ltr'>et</span> <span class='ocrx_word' id='word_1_71' title='bbox 143 1820 333 1869; x_wconf 87' lang='lat' dir='ltr'>serosam:</span> <span class='ocrx_word' id='word_1_72' title='bbox 352 1821 464 1895; x_wconf 90' lang='lat' dir='ltr'>quam</span> <span class='ocrx_word' id='word_1_73' title='bbox 481 1797 548 1894; x_wconf 92' lang='lat' dir='ltr'>qui</span> <span class='ocrx_word' id='word_1_74' title='bbox 563 1797 786 1869; x_wconf 90' lang='lat' dir='ltr'>divisionem</span> <span class='ocrx_word' id='word_1_75' title='bbox 804 1797 1091 1897; x_wconf 84' lang='lat' dir='ltr'>improbarunt·;</span> 
     </span>
     <span class='ocr_line' id='line_1_13' title="bbox 86 1911 1091 2012; baseline 0.007 -29"><span class='ocrx_word' id='word_1_76' title='bbox 86 1912 123 1984; x_wconf 94' lang='lat' dir='ltr'>id</span> <span class='ocrx_word' id='word_1_77' title='bbox 139 1937 188 1985; x_wconf 93' lang='lat' dir='ltr'>eo</span> <span class='ocrx_word' id='word_1_78' title='bbox 205 1911 338 1986; x_wconf 83' lang='lat' dir='ltr'>fecisse</span> <span class='ocrx_word' id='word_1_79' title='bbox 351 1916 488 2012; x_wconf 87' lang='lat' dir='ltr'>partim</span> <span class='ocrx_word' id='word_1_80' title='bbox 508 1913 644 2003; x_wconf 87' lang='lat' dir='ltr'>credo,</span> <span class='ocrx_word' id='word_1_81' title='bbox 662 1914 767 2012; x_wconf 91' lang='lat' dir='ltr'>quod</span> <span class='ocrx_word' id='word_1_82' title='bbox 782 1931 872 1988; x_wconf 89' lang='lat' dir='ltr'>tunc</span> <span class='ocrx_word' id='word_1_83' title='bbox 891 1917 1091 1989; x_wconf 89' lang='lat' dir='ltr'>continen-</span> 
     </span>
     <span class='ocr_line' id='line_1_14' title="bbox 84 2029 1089 2130; baseline 0.005 -29"><span class='ocrx_word' id='word_1_84' title='bbox 84 2044 160 2103; x_wconf 89' lang='lat' dir='ltr'>tem</span> <span class='ocrx_word' id='word_1_85' title='bbox 182 2054 331 2103; x_wconf 90' lang='lat' dir='ltr'>causam</span> <span class='ocrx_word' id='word_1_86' title='bbox 352 2031 494 2129; x_wconf 90' lang='lat' dir='ltr'>magis,</span> <span class='ocrx_word' id='word_1_87' title='bbox 520 2056 633 2130; x_wconf 86' lang='lat' dir='ltr'>quam</span> <span class='ocrx_word' id='word_1_88' title='bbox 653 2029 885 2124; x_wconf 88' lang='lat' dir='ltr'>efficientes,</span> <span class='ocrx_word' id='word_1_89' title='bbox 906 2049 943 2113; x_wconf 86' lang='lat' dir='ltr'>et</span> <span class='ocrx_word' id='word_1_90' title='bbox 962 2032 1011 2105; x_wconf 94' lang='lat' dir='ltr'>ab</span> <span class='ocrx_word' id='word_1_91' title='bbox 1028 2033 1089 2106; x_wconf 90' lang='lat' dir='ltr'>his</span> 
     </span>
     <span class='ocr_line' id='line_1_15' title="bbox 6 2145 1089 2249; baseline 0.003 -29"><span class='ocrx_word' id='word_1_92' title='bbox 6 2218 10 2227; x_wconf 80' lang='grc'>,</span> <span class='ocrx_word' id='word_1_93' title='bbox 82 2145 295 2246; x_wconf 86' lang='lat' dir='ltr'>profectam</span> <span class='ocrx_word' id='word_1_94' title='bbox 319 2150 359 2219; x_wconf 90' lang='lat' dir='ltr'>in</span> <span class='ocrx_word' id='word_1_95' title='bbox 375 2147 641 2248; x_wconf 79' lang='lat' dir='ltr'>praedicendo,</span> <span class='ocrx_word' id='word_1_96' title='bbox 662 2149 926 2249; x_wconf 89' lang='lat' dir='ltr'>medendoque</span> <span class='ocrx_word' id='word_1_97' title='bbox 950 2150 1089 2223; x_wconf 88' lang='lat' dir='ltr'>utilita-</span> 
     </span>
     <span class='ocr_line' id='line_1_16' title="bbox 81 2264 1088 2365; baseline 0.002 -28"><span class='ocrx_word' id='word_1_98' title='bbox 81 2278 186 2355; x_wconf 84' lang='lat' dir='ltr'>tem,</span> <span class='ocrx_word' id='word_1_99' title='bbox 208 2280 419 2364; x_wconf 84' lang='lat' dir='ltr'>spectarent</span> <span class='ocrx_word' id='word_1_100' title='bbox 442 2293 452 2357; x_wconf 91' lang='lat'>;</span> <span class='ocrx_word' id='word_1_101' title='bbox 472 2267 609 2365; x_wconf 88' lang='lat' dir='ltr'>partim</span> <span class='ocrx_word' id='word_1_102' title='bbox 635 2267 740 2365; x_wconf 91' lang='lat' dir='ltr'>quod</span> <span class='ocrx_word' id='word_1_103' title='bbox 766 2269 839 2340; x_wconf 90' lang='lat' dir='ltr'>seri</span> <span class='ocrx_word' id='word_1_104' title='bbox 865 2264 1088 2340; x_wconf 85' lang='lat' dir='ltr'>effusionem</span> 
     </span>
     <span class='ocr_line' id='line_1_17' title="bbox 81 2381 1088 2487; baseline 0 -32"><span class='ocrx_word' id='word_1_105' title='bbox 81 2408 154 2481; x_wconf 86' lang='lat' dir='ltr'>pro</span> <span class='ocrx_word' id='word_1_106' title='bbox 180 2381 318 2455; x_wconf 82' lang='lat' dir='ltr'>effectu</span> <span class='ocrx_word' id='word_1_107' title='bbox 336 2383 546 2472; x_wconf 85' lang='lat' dir='ltr'>haberent,</span> <span class='ocrx_word' id='word_1_108' title='bbox 573 2410 653 2461; x_wconf 89' lang='lat' dir='ltr'>non</span> <span class='ocrx_word' id='word_1_109' title='bbox 678 2408 749 2482; x_wconf 91' lang='lat' dir='ltr'>pro</span> <span class='ocrx_word' id='word_1_110' title='bbox 780 2408 914 2473; x_wconf 91' lang='lat' dir='ltr'>causa,</span> <span class='ocrx_word' id='word_1_111' title='bbox 940 2408 1015 2487; x_wconf 87' lang='lat' dir='ltr'>qua</span> <span class='ocrx_word' id='word_1_112' title='bbox 1039 2384 1088 2456; x_wconf 93' lang='lat' dir='ltr'>de</span> 
     </span>
     <span class='ocr_line' id='line_1_18' title="bbox 82 2500 1088 2600; baseline 0.002 -28"><span class='ocrx_word' id='word_1_113' title='bbox 82 2524 121 2573; x_wconf 93' lang='lat' dir='ltr'>re</span> <span class='ocrx_word' id='word_1_114' title='bbox 135 2500 228 2572; x_wconf 89' lang='lat' dir='ltr'>alibi</span> <span class='ocrx_word' id='word_1_115' title='bbox 238 2500 292 2599; x_wconf 89' lang='lat'>(1)</span> <span class='ocrx_word' id='word_1_116' title='bbox 309 2516 346 2573; x_wconf 89' lang='lat' dir='ltr'>et</span> <span class='ocrx_word' id='word_1_117' title='bbox 356 2502 458 2591; x_wconf 88' lang='lat' dir='ltr'>vidi,</span> <span class='ocrx_word' id='word_1_118' title='bbox 475 2518 512 2574; x_wconf 90' lang='lat' dir='ltr'>et</span> <span class='ocrx_word' id='word_1_119' title='bbox 527 2501 664 2574; x_wconf 79' lang='lat' dir='ltr'>videbo</span> <span class='ocrx_word' id='word_1_120' title='bbox 678 2529 688 2591; x_wconf 88' lang='lat'>;</span> <span class='ocrx_word' id='word_1_121' title='bbox 701 2503 837 2600; x_wconf 89' lang='lat' dir='ltr'>partim</span> <span class='ocrx_word' id='word_1_122' title='bbox 851 2504 964 2574; x_wconf 88' lang='lat' dir='ltr'>etiam</span> <span class='ocrx_word' id='word_1_123' title='bbox 979 2501 1088 2600; x_wconf 93' lang='lat' dir='ltr'>quod</span> 
     </span>
     <span class='ocr_line' id='line_1_19' title="bbox 83 2617 1087 2718; baseline -0.001 -28"><span class='ocrx_word' id='word_1_124' title='bbox 83 2633 125 2690; x_wconf 90' lang='lat' dir='ltr'>ut</span> <span class='ocrx_word' id='word_1_125' title='bbox 134 2634 270 2691; x_wconf 88' lang='lat' dir='ltr'>caetera</span> <span class='ocrx_word' id='word_1_126' title='bbox 289 2620 476 2715; x_wconf 85' lang='lat' dir='ltr'>majorum</span> <span class='ocrx_word' id='word_1_127' title='bbox 492 2618 687 2718; x_wconf 84' lang='lat' dir='ltr'>dogmata,</span> <span class='ocrx_word' id='word_1_128' title='bbox 702 2620 754 2693; x_wconf 84' lang='lat' dir='ltr'>ita</span> <span class='ocrx_word' id='word_1_129' title='bbox 769 2617 844 2691; x_wconf 93' lang='lat' dir='ltr'>hoc</span> <span class='ocrx_word' id='word_1_130' title='bbox 854 2643 1008 2717; x_wconf 83' lang='lat' dir='ltr'>quoque</span> <span class='ocrx_word' id='word_1_131' title='bbox 1021 2617 1087 2689; x_wconf 89' lang='lat' dir='ltr'>ad-</span> 
     </span>
     <span class='ocr_line' id='line_1_20' title="bbox 83 2734 1087 2837; baseline 0.001 -31"><span class='ocrx_word' id='word_1_132' title='bbox 83 2736 198 2831; x_wconf 82' lang='lat' dir='ltr'>jicere</span> <span class='ocrx_word' id='word_1_133' title='bbox 214 2734 428 2825; x_wconf 85' lang='lat' dir='ltr'>studerent,</span> <span class='ocrx_word' id='word_1_134' title='bbox 442 2736 532 2806; x_wconf 92' lang='lat' dir='ltr'>olim</span> <span class='ocrx_word' id='word_1_135' title='bbox 549 2734 649 2807; x_wconf 88' lang='lat' dir='ltr'>adeo</span> <span class='ocrx_word' id='word_1_136' title='bbox 659 2735 905 2825; x_wconf 88' lang='lat' dir='ltr'>inculcatum,</span> <span class='ocrx_word' id='word_1_137' title='bbox 920 2735 1087 2837; x_wconf 83' lang='lat' dir='ltr'>utvulgo</span> 
     </span>
     <span class='ocr_line' id='line_1_21' title="bbox 83 2851 1087 2949; baseline 0.002 -27"><span class='ocrx_word' id='word_1_138' title='bbox 83 2853 143 2922; x_wconf 80' lang='lat' dir='ltr'>rix</span> <span class='ocrx_word' id='word_1_139' title='bbox 169 2851 325 2931; x_wconf 89' lang='lat' dir='ltr'>aliunde</span> <span class='ocrx_word' id='word_1_140' title='bbox 348 2875 463 2949; x_wconf 91' lang='lat' dir='ltr'>quam</span> <span class='ocrx_word' id='word_1_141' title='bbox 488 2876 510 2922; x_wconf 92' lang='lat' dir='ltr'>a</span> <span class='ocrx_word' id='word_1_142' title='bbox 538 2876 623 2925; x_wconf 88' lang='lat' dir='ltr'>sero</span> <span class='ocrx_word' id='word_1_143' title='bbox 649 2853 829 2923; x_wconf 88' lang='lat' dir='ltr'>crassiore</span> <span class='ocrx_word' id='word_1_144' title='bbox 854 2851 1087 2925; x_wconf 82' lang='lat' dir='ltr'>ventriculos</span> 
     </span>
     <span class='ocr_line' id='line_1_22' title="bbox 85 2965 1084 3066; baseline -0.002 -25"><span class='ocrx_word' id='word_1_145' title='bbox 85 2968 233 3042; x_wconf 87' lang='lat' dir='ltr'>cerebri</span> <span class='ocrx_word' id='word_1_146' title='bbox 261 2967 523 3066; x_wconf 86' lang='lat' dir='ltr'>impediente,</span> <span class='ocrx_word' id='word_1_147' title='bbox 549 2991 633 3040; x_wconf 86' lang='lat' dir='ltr'>esse·</span> <span class='ocrx_word' id='word_1_148' title='bbox 654 2968 854 3066; x_wconf 84' lang='lat' dir='ltr'>apoplexia</span> <span class='ocrx_word' id='word_1_149' title='bbox 881 2965 1084 3041; x_wconf 87' lang='lat' dir='ltr'>videretur.</span> 
     </span>
     <span class='ocr_line' id='line_1_23' title="bbox 84 3082 1088 3184; baseline 0.004 -27"><span class='ocrx_word' id='word_1_150' title='bbox 84 3086 153 3158; x_wconf 86' lang='lat' dir='ltr'>Sed</span> <span class='ocrx_word' id='word_1_151' title='bbox 174 3085 358 3157; x_wconf 88' lang='lat' dir='ltr'>nimirum</span> <span class='ocrx_word' id='word_1_152' title='bbox 373 3108 469 3184; x_wconf 76' lang='lat' dir='ltr'>saepe</span> <span class='ocrx_word' id='word_1_153' title='bbox 485 3085 620 3157; x_wconf 84' lang='lat' dir='ltr'>veteris</span> <span class='ocrx_word' id='word_1_154' title='bbox 632 3082 812 3157; x_wconf 85' lang='lat' dir='ltr'>doctrinae</span> <span class='ocrx_word' id='word_1_155' title='bbox 823 3082 971 3158; x_wconf 81' lang='lat' dir='ltr'>fastidio</span> <span class='ocrx_word' id='word_1_156' title='bbox 988 3086 1088 3161; x_wconf 85' lang='lat' dir='ltr'>ultra</span> 
     </span>
     <span class='ocr_line' id='line_1_24' title="bbox 84 3180 1140 3303; baseline -0.001 -29"><span class='ocrx_word' id='word_1_157' title='bbox 84 3226 233 3303; x_wconf 86' lang='lat' dir='ltr'>aequum</span> <span class='ocrx_word' id='word_1_158' title='bbox 254 3202 430 3275; x_wconf 89' lang='lat' dir='ltr'>homines</span> <span class='ocrx_word' id='word_1_159' title='bbox 449 3204 639 3303; x_wconf 85' lang='lat' dir='ltr'>progressi</span> <span class='ocrx_word' id='word_1_160' title='bbox 659 3217 756 3274; x_wconf 90' lang='lat' dir='ltr'>sunt.</span> <span class='ocrx_word' id='word_1_161' title='bbox 1137 3180 1140 3193; x_wconf 15' lang='grc' dir='ltr'>ἱ</span> 
     </span>
    </p>
   </div>
   <div class='ocr_carea' id='block_1_3' title="bbox 70 3338 1090 3791">
    <p class='ocr_par' dir='ltr' id='par_1_4' title="bbox 70 3338 1090 3791">
     <span class='ocr_line' id='line_1_25' title="bbox 130 3338 1090 3442; baseline 0.004 -31"><span class='ocrx_word' id='word_1_162' title='bbox 130 3366 163 3438; x_wconf 85' lang='lat'>7.</span> <span class='ocrx_word' id='word_1_163' title='bbox 193 3342 274 3433; x_wconf 76' lang='lat' dir='ltr'>Nec</span> <span class='ocrx_word' id='word_1_164' title='bbox 291 3362 383 3410; x_wconf 85' lang='lat' dir='ltr'>vero</span> <span class='ocrx_word' id='word_1_165' title='bbox 400 3338 470 3411; x_wconf 90' lang='lat' dir='ltr'>etsi</span> <span class='ocrx_word' id='word_1_166' title='bbox 492 3338 726 3411; x_wconf 87' lang='lat' dir='ltr'>medentium</span> <span class='ocrx_word' id='word_1_167' title='bbox 742 3339 916 3442; x_wconf 89' lang='lat' dir='ltr'>plerique</span> <span class='ocrx_word' id='word_1_168' title='bbox 936 3342 989 3414; x_wconf 90' lang='lat' dir='ltr'>sio</span> <span class='ocrx_word' id='word_1_169' title='bbox 1006 3367 1090 3417; x_wconf 85' lang='lat' dir='ltr'>cre-</span> 
     </span>
     <span class='ocr_line' id='line_1_26' title="bbox 85 3453 1089 3557; baseline 0.007 -31"><span class='ocrx_word' id='word_1_170' title='bbox 85 3453 244 3544; x_wconf 86' lang='lat' dir='ltr'>derent;</span> <span class='ocrx_word' id='word_1_171' title='bbox 268 3453 434 3555; x_wconf 83' lang='lat' dir='ltr'>fugiebat</span> <span class='ocrx_word' id='word_1_172' title='bbox 456 3454 588 3527; x_wconf 87' lang='lat' dir='ltr'>tamen</span> <span class='ocrx_word' id='word_1_173' title='bbox 610 3453 822 3547; x_wconf 87' lang='lat' dir='ltr'>doctiores,</span> <span class='ocrx_word' id='word_1_174' title='bbox 851 3456 1089 3557; x_wconf 83' lang='lat' dir='ltr'>apoplexiam</span> 
     </span>
     <span class='ocr_line' id='line_1_27' title="bbox 70 3572 1087 3677; baseline 0.008 -33"><span class='ocrx_word' id='word_1_175' title='bbox 70 3575 191 3662; x_wconf 36' lang='lat' dir='ltr'>,etiam</span> <span class='ocrx_word' id='word_1_176' title='bbox 214 3598 236 3644; x_wconf 89' lang='lat' dir='ltr'>a</span> <span class='ocrx_word' id='word_1_177' title='bbox 261 3575 443 3673; x_wconf 86' lang='lat' dir='ltr'>sanguine</span> <span class='ocrx_word' id='word_1_178' title='bbox 463 3572 657 3647; x_wconf 88' lang='lat' dir='ltr'>medicinae</span> <span class='ocrx_word' id='word_1_179' title='bbox 683 3589 858 3673; x_wconf 87' lang='lat' dir='ltr'>parentes</span> <span class='ocrx_word' id='word_1_180' title='bbox 878 3575 1087 3677; x_wconf 82' lang='lat' dir='ltr'>agnovisse.</span> 
     </span>
     <span class='ocr_line' id='line_1_28' title="bbox 84 3690 1089 3791; baseline 0.007 -31"><span class='ocrx_word' id='word_1_181' title='bbox 84 3690 321 3790; x_wconf 83' lang='lat' dir='ltr'>Hippocratis</span> <span class='ocrx_word' id='word_1_182' title='bbox 331 3690 539 3789; x_wconf 88' lang='lat' dir='ltr'>Galenique</span> <span class='ocrx_word' id='word_1_183' title='bbox 552 3690 659 3766; x_wconf 88' lang='lat' dir='ltr'>locos</span> <span class='ocrx_word' id='word_1_184' title='bbox 670 3716 751 3765; x_wconf 89' lang='lat' dir='ltr'>uon</span> <span class='ocrx_word' id='word_1_185' title='bbox 760 3691 955 3791; x_wconf 82' lang='lat' dir='ltr'>produco3</span> <span class='ocrx_word' id='word_1_186' title='bbox 970 3691 1089 3767; x_wconf 87' lang='lat' dir='ltr'>habes</span> 
     </span>
    </p>
   </div>
   <div class='ocr_carea' id='block_1_4' title="bbox 86 3904 1105 3944">
    <p class='ocr_par' dir='ltr' id='par_1_5' title="bbox 86 3904 1105 3944">
     <span class='ocr_line' id='line_1_29' title="bbox 86 3904 1105 3944; baseline 0 -9"><span class='ocrx_word' id='word_1_187' title='bbox 86 3904 1105 3944; x_wconf 47' lang='lat' dir='ltr'><strong><em>W</em></strong></span> 
     </span>
    </p>
   </div>
   <div class='ocr_carea' id='block_1_5' title="bbox 121 4028 741 4121">
    <p class='ocr_par' dir='ltr' id='par_1_6' title="bbox 121 4028 741 4121">
     <span class='ocr_line' id='line_1_30' title="bbox 121 4028 741 4121; baseline 0.005 -34"><span class='ocrx_word' id='word_1_188' title='bbox 121 4028 166 4108; x_wconf 79' lang='grc' dir='ltr'>(ι)</span> <span class='ocrx_word' id='word_1_189' title='bbox 186 4028 282 4110; x_wconf 73' lang='lat' dir='ltr'>Epist.</span> <span class='ocrx_word' id='word_1_190' title='bbox 299 4049 331 4105; x_wconf 86' lang='lat'>1,</span> <span class='ocrx_word' id='word_1_191' title='bbox 348 4047 378 4089; x_wconf 84' lang='lat' dir='ltr'>n.</span> <span class='ocrx_word' id='word_1_192' title='bbox 391 4029 425 4106; x_wconf 80' lang='lat'>3,</span> <span class='ocrx_word' id='word_1_193' title='bbox 441 4040 472 4093; x_wconf 84' lang='lat' dir='ltr'>et</span> <span class='ocrx_word' id='word_1_194' title='bbox 483 4030 578 4121; x_wconf 70' lang='lat' dir='ltr'>Epist.</span> <span class='ocrx_word' id='word_1_195' title='bbox 593 4029 741 4107; x_wconf 61' lang='lat' dir='ltr'>apertius,</span> 
     </span>
    </p>
   </div>
   <div class='ocr_carea' id='block_1_6' title="bbox 0 0 1396 4668">
    <p class='ocr_par' dir='ltr' id='par_1_7' title="bbox 0 0 1396 4668">
     <span class='ocr_line' id='line_1_31' title="bbox 0 0 1396 4668; baseline 0 0"><span class='ocrx_word' id='word_1_196' title='bbox 0 0 1396 4668; x_wconf 95' lang='lat' dir='ltr'> </span> 
     </span>
    </p>
   </div>
  </div>
 </body>
</html>
