2784 4668
274 453 340 525 118
429 474 476 523 nn
503 426 656 523 sautans
671 470 718 520 ur
739 470 874 522 causas
901 470 1121 521 nonnosum.

268 590 562 690 prehendisset,
587 590 668 687 quae
694 589 908 687 graviorem
929 586 1178 677 minabatur,
1204 613 1279 658 non

269 708 459 780 dubitasse
477 732 539 779 me
561 707 866 796 adolescentem,
889 707 983 803 quin
1002 707 1036 776 ei
1054 707 1184 804 potius
1203 730 1279 776 me-

269 827 356 897 dico
385 826 664 924 adstipularer,
692 828 759 923 qui
782 824 1009 897 mittendum
1031 823 1280 921 sanguinem,

269 944 593 1042 ettemperatiora
622 942 837 1015 adhibenda
865 964 948 1015 esse
977 940 1168 1028 remedia,
1197 964 1279 1010 cen·

270 1062 397 1150 sebat,
419 1084 531 1159 quam
568 1060 648 1133 aliis
678 1063 744 1158 qui
770 1060 850 1131 haec
879 1058 1161 1158 improbantes,
1193 1081 1279 1129 con·

268 1182 421 1253 trariam
449 1179 608 1251 curandi
632 1162 730 1249 iiam
750 1179 1002 1251 inculcabant.
1025 1179 1189 1248 AEtatem'
1209 1173 1252 1244 hi
1270 1197 1279 1262 ;

269 1296 341 1373 nos
361 1300 467 1396 signa
490 1310 622 1371 caetera
647 1322 732 1395 quae
768 1298 1011 1394 sanguineam
1042 1293 1279 1393 apoplexiam

268 1417 513 1503 indicarent,
548 1414 819 1514 spectabamus.
854 1413 1064 1486 Consilium
1105 1398 1279 1484 nostrum

268 1534 446 1632 probavit
475 1537 596 1606 exitus
615 1561 625 1621 ;
647 1549 778 1605 nostra
802 1533 903 1604 enim
932 1529 1111 1601 medendi
1132 1530 1280 1601 ratione

269 1652 385 1725 semel
416 1668 527 1748 atque
550 1653 687 1723 iterum
702 1666 849 1751 ‘aegram
868 1648 1104 1753 servavimus
1117 1674 1132 1716 ,ε
1144 1689 1148 1697 s
1162 1671 1278 1744 quam

268 1771 456 1840 ration-em
486 1768 666 1840 adversus
701 1768 963 1840 dissentientes
994 1764 1153 1836 validius
1180 1765 1279 1836 tueri

268 1888 461 1975 licuisset,
481 1888 511 1958 si
534 1901 626 1957 tune
641 1886 799 1985 ¹uulgata
821 1900 917 1958 esset
939 1884 1101 1956 Lancisii
1124 1882 1185 1980 (1)
1207 1883 1278 1954 ob-

269 2005 430 2076 servatio
464 2005 504 2073 in
539 2003 737 2102 grandaevo
767 2018 979 2075 mercatore
1011 2002 1071 2073 cui
1103 2002 1276 2099 gratissi-

268 2146 329 2192 ma
352 2123 527 2195 instantis
551 2121 759 2220 apoplexiae
790 2119 929 2192 indicia
956 2120 1094 2192 levarit
1122 2119 1274 2216 sanguis

173 2278 177 2299 ι
268 2264 289 2309 e
308 2239 463 2311 naribus
482 2237 675 2337 profluens
691 2239 738 2311 ad
758 2239 872 2311 libras
893 2220 1072 2310 lindecim
1086 2292 1096 2326 ,
1112 2237 1275 2309 omniuo

268 2371 393 2428 autem
403 2356 554 2428 sustulit
562 2372 649 2454 post
659 2357 878 2454 quindecim
887 2355 971 2427 ‘dies
979 2379 1110 2426 rursus
1121 2352 1276 2425 effluens

267 2473 314 2545 ael
335 2473 450 2545 libras
475 2474 649 2571 quatuor.
673 2462 814 2545 Eorum
839 2490 991 2572 quoque
1018 2472 1207 2559 duorum,
1227 2472 1276 2543 tle

1378 748 1379 831 ,

1378 954 1379 1043 l

1376 1536 1379 1633 t

269 2591 407 2690 quibus
422 2607 507 2662 ante
523 2593 706 2690 scriptum
721 2606 799 2680 est,
818 2606 855 2662 et
869 2590 1030 2662 totidem
1044 2646 1053 2679 ,
1069 2590 1119 2661 tle
1140 2588 1276 2687 quibus
1378 2572 1379 2599 ¹

198 3006 203 3014 .
266 2946 438 3044 exempla
453 3000 463 3034 ,
476 2947 615 3043 partim
635 2969 656 3015 a
673 2946 864 3034 Valsa'lva,
885 2947 1024 3043 partim
1043 2970 1064 3015 a
1082 2943 1195 3016 nobis
1211 2943 1275 3014 ad·

162 2791 165 2798 ¹
266 2732 357 2780 mox
371 2709 557 2780 scribetur
570 2765 579 2799 ,
591 2710 623 2781 si
630 2723 778 2781 aetatem
793 2710 916 2781 solum
933 2707 1172 2796 attendisses,
1192 2731 1276 2778 san·
1378 2732 1379 2739 ¹

153 2924 155 2927 v
268 2830 442 2927 guineam
464 2850 543 2900 esse
563 2826 800 2926 apoplexiam
814 2850 1019 2925 ,negasses
1036 2827 1142 2914 Quin
1163 2824 1276 2922 hujus

266 3079 416 3152 notata,
435 3086 524 3133 eum
545 3078 631 3134 ante
649 3063 782 3145 oculos
803 3058 906 3134 nun'c
920 3061 1127 3135 habeamus
1142 3062 1276 3160 viginti
1378 3072 1379 3075 ’

234 3234 236 3240 ·
265 3182 337 3252 tria
350 3181 401 3270 ,si
413 3179 489 3249 duo
501 3179 676 3251 videlieet
687 3179 839 3275 adjicias
851 3179 1036 3279 producta
1054 3182 1095 3250 in
1106 3180 1275 3276 epistolis

266 3296 487 3369 anatomicis
500 3295 557 3394 (ι)
571 3314 580 3386 ;
595 3293 690 3368 forte
710 3296 846 3368 accidit
861 3353 870 3386 ,
887 3312 930 3368 ut
945 3297 1008 3367 vix
1024 3299 1116 3386 tria,
1131 3322 1214 3396 quae
1227 3296 1274 3367 ad

262 3417 446 3512 juveneS,
469 3428 731 3512 quatuorque
749 3413 795 3485 ad
822 3415 923 3486 viros
945 3417 1147 3504 attineant,
1167 3417 1208 3486 in
1229 3416 1273 3487 iis

267 3532 705 3606 omnibus'inveniamus.
725 3536 846 3629 Atque
861 3527 902 3603 ut
914 3556 1047 3603 verum
1060 3534 1196 3630 saepius
1211 3531 1272 3618 fit,

267 3676 401 3724 senum
413 3650 677 3750 apoplexiasin
687 3647 883 3723 diuturnas
893 3651 1145 3739 resolutiones
1158 3649 1272 3737 abire,

305 3934 349 4011 (1)
370 3937 414 3991 De
427 3928 523 3990 Subit.
538 3934 630 3986 Mort.
644 3933 663 3986 l.
680 3951 711 4003 a,
726 3951 751 3989 c.
768 3929 799 4003 5,
815 3951 845 3987 n.
862 3932 889 3987 8.

306 4033 350 4111 (a)
371 4035 463 4104 XIII,
479 4052 510 4088 n.
528 4050 563 4106 19
577 4043 606 4087 et
622 4030 668 4088 25.
720 4045 726 4052 ·
