2774 4666
309 452 377 500 222
474 454 520 501 Dl
546 451 692 499 sunlnus
717 453 761 499 m·
787 451 911 499 CAUSIS
937 452 1147 500 MORBORUM

308 564 553 661 comprimat,
568 563 817 635 dubitandum
829 579 997 636 nonest:
1020 589 1107 636 cum
1119 589 1210 637 vero
1219 566 1302 637 aeri·

311 682 476 753 moniam
493 709 502 769 3
521 682 611 778 quin
620 682 741 753 irritet
752 736 762 770 ,
775 705 817 753 ac
828 682 1024 753 convellat.
1038 686 1170 779 ltaque
1180 682 1302 753 eadem
1372 736 1373 765 ,

311 823 407 897 aqua
425 824 503 870 non
524 823 610 869 raro
626 813 750 896 potest
763 815 799 870 et
812 800 1156 898 compressionem,
1173 815 1212 870 et
1227 824 1303 870 con·
1372 828 1373 839 ¹

309 916 518 987 vulsionem
544 915 743 1002 inducere,
769 915 1058 1014 comprimendo
1083 932 1231 1004 autem,
1247 931 1303 986 aut
1371 936 1373 945 ⁴

312 1031 576 1118 convellendo,
585 1046 648 1102 aut
662 1048 867 1130 utrumque
881 1034 1109 1131 praestando,
1120 1035 1161 1104 in
1171 1037 1302 1106 tenuis·

311 1151 413 1222 simis
442 1149 600 1221 vasculis
626 1151 847 1246 sanguinem
873 1153 1077 1239 remorari,
1100 1150 1207 1222 unde
1234 1166 1304 1223 tur·

311 1282 422 1367 geant
442 1268 599 1363 majora,
616 1282 653 1338 et
669 1270 991 1366 compressionem
1011 1268 1233 1367 adaugeant.
1252 1273 1305 1341 Se·
1373 1264 1374 1275 ¹

312 1384 479 1457 cundum
494 1385 573 1455 haec
589 1407 691 1454 nunc
704 1384 814 1455 simul
826 1387 954 1456 omnia
972 1387 1255 1475 convenientia,
1270 1401 1305 1457 ut

311 1504 351 1572 in
360 1502 434 1573 hoe
445 1503 602 1598 juvene,
623 1503 731 1598 cujus
749 1501 959 1601 subrigida,
978 1518 1014 1574 et
1028 1517 1223 1575 contracta
1237 1502 1306 1574 bra·

313 1618 397 1691 chia
417 1620 700 1693 convulsionem
718 1645 874 1718 quoque
895 1619 1209 1710 subindicarunt,
1226 1622 1304 1692 alias
1374 1636 1375 1713 l

313 1761 392 1808 non
410 1739 556 1824 omnia,
580 1739 681 1809 utin
697 1740 779 1809 viro
798 1737 846 1810 de
865 1763 942 1836 quo
967 1739 1090 1809 statim
1120 1738 1237 1809 verba
1264 1736 1306 1807 fa-
1374 1716 1375 1793 l

314 1855 431 1942 ciam,
448 1857 487 1925 in
505 1879 582 1952 quo
593 1856 712 1927 nullae
729 1872 816 1928 sunt
828 1855 1092 1928 animadversae
1108 1857 1308 1928 convulsio·

313 1972 371 2044 nis
396 1972 514 2059 notae,
541 1996 670 2045 causas
690 1976 833 2072 poter‘n
853 1975 1055 2072 gravioris,
1076 1989 1141 2044 aut
1165 1998 1246 2044 non
1264 1976 1307 2044 ita

313 2090 434 2187 gravis
467 2090 696 2188 apoplexiae,
729 2107 766 2163 et
797 2091 1007 2178 celerioris,
1038 2106 1102 2161 aut
1139 2091 1307 2163 tardioris
1375 2096 1376 2187 l

313 2208 445 2277 mortis
465 2208 663 2303 conjicere.
1055 2214 1061 2224 ’
1123 2205 1126 2208 ’

367 2349 419 2420 ¹9·
445 2322 696 2412 stabularius,
715 2349 836 2423 prope
860 2348 979 2396 annos
1000 2328 1192 2421 sexaginta
1210 2341 1309 2398 natus

314 2465 513 2542 procerus,
532 2457 569 2510 et
597 2442 757 2529 obesus,
787 2444 930 2538 quippe
954 2442 1116 2512 multum
1136 2458 1176 2513 et
1192 2468 1310 2515 come·
1376 2518 1377 2523 ,

314 2558 404 2630 dere
418 2613 428 2645 ,
444 2573 482 2628 et
495 2572 626 2656 potare
649 2557 800 2643 solitus,
827 2572 885 2628 ter
906 2574 1015 2629 antea
1038 2559 1078 2628 in
1099 2559 1308 2632 Patavinum
1376 2534 1377 2629 l

314 2676 438 2747 illatus
455 2673 574 2745 fuerat
592 2674 875 2760 nosocomium,
893 2675 1006 2747 semel
1030 2675 1081 2746 ob
1104 2674 1231 2751 febres
1250 2701 1310 2748 nee

315 2817 444 2892 graves
461 2808 608 2878 tamen,
625 2806 661 2862 et
680 2790 835 2879 breves,
854 2792 990 2863 iterum
1004 2792 1054 2864 ob
1066 2774 1312 2892 apoplexiam,

315 2939 390 3012 qua
403 2913 580 3010 depulsa,
600 2910 837 2997 discesserat,
851 2913 1004 2981 tertium
1021 2911 1139 3010 idque
1148 2917 1311 3012 proxima

315 3045 471 3116 aestate,
485 3027 536 3099 ob
559 3028 724 3099 thoracis
743 3026 1075 3099 inflammationem
1092 3083 1103 3117 ,
1120 3056 1202 3127 quo
1226 3047 1311 3103 tem·

180 3226 184 3234 ,
254 3193 257 3197 f
315 3172 409 3245 pore
429 3147 712 3216 incontinentia
730 3147 846 3216 urinae
863 3144 1310 3242 signaluerantnonobs·

316 3252 416 3332 cura.
437 3265 621 3351 Quartum
638 3261 800 3358 denique
819 3262 943 3333 illatus
962 3277 1017 3333 est
1038 3261 1089 3333 ob
1111 3265 1309 3335 secundam

315 3378 569 3476 apoplexiam,
590 3368 654 3448 sed
670 3404 751 3449 eam
771 3403 899 3467 mora,
923 3393 959 3450 et
984 3381 1129 3450 incuria
1145 3378 1254 3453 facile
1267 3383 1312 3451 in·

317 3496 521 3585 sanabilem
553 3494 697 3565 factam.
722 3499 816 3566 Nam
847 3496 1041 3568 decembri
1063 3498 1140 3592 jam
1170 3500 1310 3584 medio,

317 3628 537 3711 tempestate
551 3611 790 3709 frigidissima
808 3638 853 3683 eo
871 3638 993 3701 anno,
1012 3609 1121 3711 1725,
1139 3640 1227 3686 cum
1244 3615 1311 3713 pri-

317 3730 378 3801 die
402 3757 479 3801 non
511 3747 607 3802 esset
635 3730 937 3821 arrimatlversus,
965 3731 1145 3829 postridie
1167 3733 1311 3805 demum

318 3849 388 3920 sub
406 3865 555 3919 noctem
569 3850 608 3916 i'n
624 3849 758 3918 stabuli
773 3850 913 3946 angulo
924 3850 1182 3947 apoplecticus
1197 3853 1312 3922 inven-

317 3983 376 4038 tus
394 3982 469 4054 est,
487 3965 611 4036 nudus
627 3968 666 4036 in
678 3992 721 4037 ea
729 3967 857 4061 jacens
868 3968 1078 4065 lodice‘qua
1092 3969 1234 4041 nudius
1249 3985 1314 4040 ter·
