2780 4666
225 420 295 471 rm.
319 419 343 470 ι.
372 420 418 468 rr
444 419 579 499 nonus
605 420 755 469 carrus.
784 392 972 470 rmsrjvr.
1031 403 1095 473 321

90 549 185 609 tuor
201 537 242 607 in
261 536 506 632 ejus-scriptis
525 536 699 623 invenio,
718 513 913 632 reliquam*
931 536 1022 607 olim
1055 537 1101 607 de

95 655 182 751 ipso
199 654 346 750 accepi,
366 677 474 749 aqua
492 653 666 750 protinus
685 652 834 723 initium
849 654 1003 753 capiam.

148 798 181 842 2.
209 769 381 866 Aloysius
390 770 765 856 Batta,Bononiensis
778 772 960 840 senatoris
973 766 1104 859 frater,

95 900 280 985 provecta
296 886 354 955 vir
371 899 494 972 aetate,
511 909 533 979 a
555 885 670 981 longo
688 886 769 980 'jam
796 901 966 983 tempore
985 887 1105 984 hypo-

96 1003 338 1087 chondriacae
361 998 551 1072 affectioni
571 1017 608 1072 et
620 1003 793 1098 vertigini
810 1003 1013 1099 obnoxius,
1040 1024 1106 1076 aes·-

97 1136 177 1192 tate
188 1121 278 1190 anni
291 1117 380 1215 1705
393 1119 494 1189 sitire
505 1119 666 1187 nimium
676 1135 858 1215 coeperat,
869 1144 955 1189 cum
966 1146 1106 1211 mense,

99 1252 144 1308 ut
154 1237 370 1308 meminisse
378 1232 889 1321 videor,novembrimorbo
897 1263 1010 1331 quem
1020 1263 1109 1334 pau-

100 1355 155 1425 cis
168 1351 399 1439 describam,
416 1363 571 1447 repente
583 1365 779 1446 correptus
789 1366 853 1421 est.
865 1348 993 1423 Pulsui
1008 1355 1109 1429 enim

98 1470 208 1540 bono
224 1470 355 1564 juncta
381 1481 488 1536 erant
510 1464 657 1554 deliria,
681 1481 718 1537 et
749 1456 852 1563 quod
873 1470 1108 1566 praecipuum

101 1572 574 1684 symptomafuit,'maxima
586 1585 1109 1659 somnolentiaflaecintrabi·

99 1704 223 1776 duum
241 1701 391 1773 circiter
404 1701 528 1769 virum
545 1700 820 1774 nobilissimum
839 1684 1045 1775 confecere.
1093 1756 1097 1783 ·,

150 1826 295 1892 Ventre
305 1873 314 1906 ‚
325 1833 362 1889 et
371 1817 525 1889 thorace
537 1804 709 1906 reclusis,
722 1844 809 1891 sana
818 1822 945 1891 omnia
956 1823 1112 1895 inventa

102 1953 213 2012 sunt:
234 1952 271 2007 et
287 1936 458 2033 quamvis
473 1935 572 2006 odor
588 1938 695 2033 quasi
712 1937 897 2031 ejusmodi
913 1940 1015 2009 acin
1031 1965 1113 2010 ver-

103 2055 263 2126 minosis
278 2052 391 2140 solet,
414 2054 609 2142 existeret,
626 2055 693 2150 qui
710 2054 789 2126 aliis
808 2054 1009 2151 lacrymam,
1033 2057 1114 2131 aliis

104 2171 420 2248 sternutationem
436 2170 631 2259 movebat,
649 2194 836 2269 nusquam
858 2188 984 2246 tamen
999 2199 1114 2272 appa-

103 2303 267 2363 ruerunt
285 2311 441 2359 vermes.
468 2290 603 2358 Granio
621 2304 788 2376 exsecto,
812 2291 852 2358 in
879 2292 1025 2363 cerebri
1046 2317 1114 2362 an-

104 2405 288 2480 fructibus
298 2429 394 2502 aqua
400 2402 635 2501 gelatr'nosa:
655 2406 694 2476 in
709 2408 929 2481 ventriculis
941 2434 1115 2504 quoque,

106 2541 146 2597 et
156 2549 233 2622 qua
243 2523 445 2619 oblongata
461 2522 628 2617 medulla
638 2524 677 2593 in
693 2525 807 2620 spinae
817 2523 950 2593 tubum
965 2525 1100 2596 descen
1114 2572 1117 2579 ·

66 2648 75 2673 ’“
106 2641 184 2730 dit,
199 2666 295 2739 aqua
308 2632 396 2728 fuit3
414 2638 479 2710 sed
494 2663 613 2736 pauca
630 2639 843 2735 utrobique.
968 2722 971 2731 ‚
1098 2720 1101 2725 ‚

156 2760 191 2857 3.
219 2759 377 2831 Videtur
391 2780 478 2826 cum
490 2751 688 2826 affectione
701 2771 893 2849 comatosa
904 2754 1018 2848 febris
1030 2784 1115 2857 pes·
1132 2758 1136 2765 “

102 2877 192 2951 simi
211 2876 326 2945 moris
340 2871 452 2945 fuisse
471 2873 697 2966 conjuncta:
720 2898 937 2970 quanquam
958 2891 995 2969 et
1013 2901 1116 2967 cere-
1147 2867 1153 2876 ’

103 2993 246 3080 brum,
267 2989 454 3062 diuturnis
481 2987 734 3063 incommodis
764 2990 999 3085 obnoxium,
1023 3018 1116 3067 cum

105 3100 311 3210 propterea
331 3109 454 3178 minus
474 3110 646 3179 resistere
664 3109 804 3181 valeret
832 3133 949 3180 causae
967 3111 1116 3205 morbi,

103 3230 146 3298 in
164 3252 202 3299 se
225 3225 486 3312 decumbenti,
504 3222 658 3297 fortasse
673 3227 865 3296 interitum
883 3228 1115 3323 acceleravit.
1153 3253 1166 3319 j

105 3347 144 3415 Si
163 3360 207 3416 ut
223 3344 409 3414 vermium
426 3342 545 3431 odor,
571 3343 622 3413 sic
648 3324 806 3439 usquam
831 3369 978 3416 vermes
1004 3372 1126 3444 appa-¹

108 3463 291 3549 ruissent3
311 3460 469 3531 haberes
494 3461 533 3529 in
553 3460 799 3557 Sepulchreto
822 3460 1017 3533 historiam
1037 3463 1117 3559 (Ι),

109 3567 277 3678 quacum
293 3577 391 3649 hanc
408 3575 616 3683 conferres3
635 3602 723 3648 nam
740 3579 922 3657 velcitius
936 3604 1116 3679 soporosa

73 3981 79 3989 .
147 3938 193 4015 (ι)
213 3896 293 3997 sect.
306 3937 362 3993 hac
376 3936 408 4006 3,
425 3937 489 3994 obs.
510 3943 557 4028 lo..

186 4082 217 4126 1.
