2782 4668
296 408 368 485 386
465 432 512 478 oa
539 430 684 480 sennua
713 432 906 483 arcanus
932 436 1141 486 nonnosum

291 547 420 619 triduo
433 547 507 619 ‘vix
530 546 658 644 elapso
680 572 725 617 ex
745 570 823 645 quo
843 570 948 623 mors
969 552 1107 624 instare
1130 555 1207 626 visa
1222 553 1290 627 fue·

291 681 367 753 rat,
383 665 486 737 nulla
499 664 575 760 jam
602 660 719 734 ferme
737 680 933 762 supererat
951 666 1117 743 ducendi
1147 672 1291 768 spiritus

290 781 510 868 difficultas,
526 780 895 878 duobusqueadditis
908 783 1059 875 diebus,
1075 788 1229 861 nullum
1241 815 1294 863 us·

287 924 399 1000 quarn
416 899 600 998 hydropis
610 901 829 998 vestigium
850 916 893 972 ut
905 916 1004 1000 quot
1020 904 1119 974 intra
1136 905 1220 977 dies
1240 909 1290 977 in·

286 1031 475 1103 creverat,
493 1017 591 1088 intra
608 1016 765 1087 totidem
785 1020 989 1089 evanuerit.
1010 1021 1082 1091 Vix
1099 1025 1217 1095 tussis
1235 1048 1289 1095 re·

286 1134 460 1208 currebat
473 1132 695 1230 aliquando,
713 1158 796 1231 qua
814 1135 930 1206 semel
948 1136 1126 1208 nonnihil
1143 1142 1292 1238 sangui·

284 1254 365 1342 nia,
382 1250 447 1324 sed
463 1250 562 1322 bene
574 1249 732 1321 colorati
746 1248 954 1339 ,enaribui
962 1256 1142 1345 excussit,
1154 1271 1194 1327 et
1204 1282 1292 1329 nou·

281 1394 479 1468 nunquam
499 1368 576 1464 jam
599 1366 727 1440 faciles
749 1388 903 1441 somnos
930 1369 1105 1444 turbavit.
1125 1375 1198 1444 Cui
1217 1400 1290 1446 non

280 1485 435 1561 difficile
450 1484 748 1574 fuitaccurrere,
765 1500 808 1557 ut
818 1486 943 1557 alvum
961 1494 1119 1585 quoque
1130 1504 1226 1563 tune
1238 1493 1290 1561 ni-

279 1607 352 1678 mis
366 1605 582 1676 adstrictam
602 1602 767 1691 solvere,
786 1603 975 1701 simulque
993 1605 1206 1705 detergere.
1226 1613 1288 1680 Ita·
1379 1648 1380 1715 3

279 1749 356 1822 que
370 1736 456 1822 post
472 1721 629 1819 longum
646 1717 835 1791 fastidium
861 1721 1046 1819 cupiditas
1063 1724 1140 1795 cibi
1157 1725 1287 1797 oborta
1379 1730 1380 1823 ζ

278 1857 352 1928 est,
372 1840 600 1938 pulsusque,
624 1837 702 1934 jam
718 1851 828 1908 antea
857 1837 958 1911 haud
984 1840 1148 1938 amplius
1175 1843 1285 1915 imbe-
1379 1834 1380 1873 a

277 1956 375 2044 oilli,
395 1956 460 2028 sed
475 1954 706 2051 frequentes,
725 1976 828 2025 nunc
838 1956 966 2033 minus
975 1956 1102 2033 crebri
1119 1982 1204 2030 esse
1214 1984 1282 2035 cce·

277 2088 436 2174 perant,
463 2088 499 2146 et
513 2073 619 2143 alsus
632 2071 804 2169 quotidie
825 2092 894 2171 per
915 2097 954 2145 se
975 2075 1231 2172 respondere,
1251 2090 1284 2148 et

275 2193 375 2281 vires
380 2191 560 2290 paulatim
573 2190 738 2278 restitui,
757 2205 800 2261 ut
811 2193 886 2286 jatn
902 2193 943 2260 in
956 2191 1056 2263 lecto
1068 2192 1208 2267 sedere
1224 2195 1283 2266 diu

273 2308 354 2383 sine
369 2307 596 2381 detrimento
614 2332 711 2405 aeger
723 2323 859 2405 posset.
875 2310 955 2379 Jam
967 2328 1028 2381 res
1040 2310 1193 2384 invado
1207 2336 1280 2386 esse
1378 2388 1379 2395 χ

271 2425 491 2513 videbatur,
507 2426 579 2496 nisi
600 2424 706 2522 quod
730 2425 849 2497 urinae
875 2448 1036 2523 quarum
1063 2430 1200 2526 eopia',
1227 2430 1280 2504 rel

271 2560 359 2644 post
368 2543 551 2641 hydropis
560 2542 801 2630 solutionem,
812 2542 958 2640 aliquot
966 2546 1280 2641 perstiteratdies,

268 2687 358 2734 cum
389 2662 527 2734 sensim
556 2658 603 2730 ad
626 2660 770 2756 justum
791 2659 947 2731 modum
972 2659 1168 2744 redirem
1191 2690 1280 2736 nuu-
1378 2648 1379 2727 i

266 2804 382 2879 quarn
399 2796 525 2851 tamen
543 2802 597 2865 ea,
607 2802 690 2875 quae
704 2775 937 2853 descendere
953 2777 1001 2848 ad
1011 2780 1135 2853 imunt
1146 2782 1277 2872 solent,

267 2898 494 2997 inspectanti
518 2894 632 2985 mihi,
662 2895 788 2992 qualia
811 2894 987 2991 optabam
1014 2897 1274 2975 ostenderunt.

266 3021 397 3114 itaque
415 3040 500 3087 cum
517 3014 593 3084 huc
611 3012 745 3109 aiiq'uis
756 3026 828 3100 ,ut
843 3028 973 3110 postea
987 3015 1097 3101 novi,
1119 3017 1161 3085 in
1175 3018 1277 3121 cibo,

266 3142 311 3208 et‘
322 3135 478 3231 potione
496 3142 603 3202 erro'r
615 3130 841 3217 accessisset,
852 3131 1047 3227 urinaeque
1060 3150 1143 3201 non
1163 3134 1278 3204 mode

264 3250 484 3351 pauciores,
502 3245 566 3325 scd
580 3264 729 3334 crassae,
748 3243 915 3343 rosaque
924 3263 1172 3344 apparerent,
1186 3275 1275 3322 eon·
1377 3278 1378 3321 f

263 3370 374 3442 tinuo
389 3366 523 3438 biliosa
542 3364 674 3453 muita,
694 3386 766 3435 nec
789 3363 1144 3455 sittestormi‘nibus,
1165 3367 1275 3463 dejici
1377 3380 1378 3385 ’

264 3501 386 3583 coepta
401 3497 489 3555 sunt
505 3482 655 3554 decimo
673 3506 718 3552 ex
735 3505 814 3578 quo
839 3478 1009 3579 hydrops
1026 3484 1192 3554 omnino
1218 3508 1276 3556 so·
1377 3458 1378 3515 ἶ

263 3604 364 3676 lutus
378 3600 500 3673 fuerat
514 3599 587 3670 die.
604 3604 682 3699 Ego
689 3612 781 3670 vero
795 3622 875 3669 non
883 3597 1109 3695 ·insoius(1),·
1123 3589 1168 3669 aia
1177 3624 1276 3672 mon

905 3734 925 3783 a

298 3962 342 4040 (a)
362 3963 507 4038 Hippocr.
520 3962 540 4016 l.
555 3960 590 4016 de
600 3956 759 4015 Affection.
778 3977 809 4013 n.
826 3957 872 4014 23.
963 3964 976 3977 '¹
