2862 4668
297 469 348 520 rr
379 465 614 520 orentius.
647 466 679 518 a.
711 467 961 523 morracio.
1086 445 1128 524 15

116 581 328 684 quentibus
340 584 591 697 temporibus?
603 608 686 683 quae
697 604 781 655 eum
793 601 1032 684 praestantem
1045 587 1128 687 phi·
1203 621 1206 630 ·

112 700 292 801 Iologum
311 700 528 776 ostendunt.
551 705 682 799 Itaque
703 718 837 800 rogatu
852 706 1007 778 Joannis
1030 709 1128 805 Bap-

115 821 227 893 tisitae
246 819 406 917 Vulpii,
432 820 499 918 qui
527 817 699 891 nobilem
732 820 939 893 editionem
970 823 1126 922 parabat

117 935 361 1010 medicorum
381 959 542 1036 operum
560 939 602 1008 A.
630 936 798 1009 Cornelii
820 938 919 1011 Celsi
940 943 1039 1033 etQ.
1061 944 1127 1014 Se·

116 1057 203 1130 reni
218 1053 430 1145 Santonici,
449 1052 521 1127 sub
532 1051 647 1126 finem
661 1055 751 1126 anni
765 1079 857 1153 1720
872 1070 909 1129 et
919 1058 1018 1130 intra
1034 1082 1127 1159 pro-

116 1177 287 1265 ximum,
305 1186 470 1273 quatuor
482 1173 647 1245 exaravit
660 1173 856 1271 epistolas,
874 1198 1036 1272 quarum
1050 1192 1127 1252 tres

117 1292 284 1366 Celsum*
300 1291 512 1391 attingunt,
539 1305 673 1389 quarta
700 1291 992 1393 Sammonicum.
1021 1297 1066 1365 In
1082 1295 1128 1369 iis

118 1410 318 1510 prioribus
325 1408 528 1508 diligenter
541 1408 782 1508 persequitur
795 1423 940 1483 aetatem
955 1436 1029 1510 qua
1042 1435 1126 1485 auc·

117 1542 181 1601 tor
196 1529 264 1601 ille
281 1526 432 1618 floruit,
451 1526 575 1601 studia
596 1543 634 1600 et
651 1529 789 1626 scripta
813 1526 981 1625 ejusdem
999 1555 1007 1598 τ
1024 1528 1127 1603 haud

116 1668 240 1746 pauca
254 1647 373 1746 ipsius
383 1645 467 1718 loca
479 1643 645 1719 difficilia
656 1646 841 1736 illustrat,
859 1670 903 1720 ac
913 1648 1032 1721 multa
1045 1670 1127 1746 quae

22 1826 27 1831 .
118 1779 230 1838 erant
247 1764 449 1864 depravata
463 1765 647 1839 restituit:
667 1762 837 1863 quaedam
852 1764 994 1837 indicat
1008 1764 1126 1839 verba

117 1906 204 1982 quae
226 1884 460 1955 removenda
481 1881 718 1957 existimabat
737 1908 759 1953 a
774 1883 901 1956 latinis
915 1882 1066 1972 lexicis,
1085 1883 1127 1954 in

117 2000 261 2100 quibus
280 1999 351 2074 sub
379 2001 538 2074 mentito
564 2002 663 2074 Celsi
685 2001 843 2074 nomine
867 2000 998 2073 locum
1023 1998 1124 2074 obti-

116 2133 302 2209 nuerant,
317 2117 459 2192 indicet
474 2133 512 2191 et
527 2118 598 2190 alia
615 2135 801 2216 quaesunt
821 2113 994 2216 profecto
1007 2116 1124 2207 Celsi,

118 2237 185 2310 sed
207 2261 291 2336 quae
304 2238 345 2308 in
364 2236 499 2308 iisdem
512 2236 645 2307 lexicis
660 2260 741 2306 non
758 2232 866 2306 facile
883 2238 1061 2333 reperias.
1080 2237 1126 2306 In
1235 2310 1238 2315 ,

117 2369 254 2454 quarta
272 2352 431 2454 epistola
442 2351 630 2425 examinat
649 2351 743 2452 quid
762 2352 1003 2450 praestiterint
1023 2355 1126 2425 AEsu-

117 2470 254 2559 lanus,
283 2468 792 2567 Caesarius,Hun1elbergins
819 2484 857 2542 et
883 2470 1127 2542 Kenchenius

119 2602 202 2661 tum
219 2589 260 2659 in
277 2584 533 2675 emendando,
552 2602 634 2658 tum
655 2586 698 2656 in
715 2585 941 2658 illustrando
960 2589 1126 2658 Sammo·

118 2707 195 2778 nici
219 2719 395 2805 poemate
408 2704 457 2777 de
474 2703 683 2792 medicina,
709 2703 829 2802 iisque
841 2703 971 2775 lumen
988 2702 1037 2774 de
1057 2728 1125 2776 suo

119 2823 265 2896 lumine
294 2822 490 2912 accendit3
510 2845 586 2921 qua
617 2822 816 2893 occasione
839 2820 957 2893 multa
981 2822 1022 2892 in
1048 2844 1129 2893 me-

121 2940 226 3015 dium
241 2937 414 3041 profert,
438 2963 522 3038 quae
539 2939 732 3038 pertinent
752 2938 799 3011 ad
819 2937 918 3011 illius
933 2938 1127 3038 scriptoris

120 3062 237 3133 vitam
258 3057 540 3132 declarandum.
563 3060 671 3130 Hanc
689 3056 912 3155 epistolam,
932 3056 1033 3129 unde
1061 3059 1128 3131 tri-

124 3180 226 3278 'ginta
246 3193 333 3276 post
348 3200 489 3265 annos,
507 3189 634 3247 secuta
652 3189 708 3247 est
733 3173 849 3247 altera
867 3198 949 3273 quae
968 3175 1129 3273 explicat

124 3294 424 3395 qualejudicium
431 3291 942 3366 feceritPetrusBurmannus
951 3291 998 3365 de
1008 3293 1128 3392 priori

125 3413 304 3517 epistola,
319 3428 356 3486 et
371 3413 482 3512 quale
490 3413 730 3485 Morononos
740 3412 820 3510 ipse
826 3408 943 3483 =faciat
955 3407 1002 3482 de
1013 3434 1130 3510 opera

127 3559 240 3635 quam
256 3531 359 3605 idem
369 3535 611 3603 ‘Burmannus
629 3531 669 3600 in
687 3528 792 3600 hunc
801 3526 999 3601 medicum
1011 3529 1130 3628 scrip-

126 3667 249 3726 torem
274 3650 465 3739 contulit‚
492 3673 580 3721 cum
609 3646 716 3720 illum
743 3672 844 3720 anno
875 3645 962 3745 1731
980 3701 990 3736 ‚
1010 3646 1126 3746 Lugd.

124 3775 246 3845 Batav.
268 3768 389 3843 edidit
402 3768 572 3840 minores
601 3768 703 3839 inter
726 3778 856 3865 poetas
882 3765 1030 3837 latinos.
1059 3768 1129 3837 Ex-

127 3890 239 3989 plicat
257 3889 374 3962 etiam
397 3884 491 3986 quid
510 3887 559 3959 sit
582 3885 642 3977 id,
662 3882 710 3957 de
738 3907 817 3984 quo
842 3896 974 3956 auctor
996 3884 1017 3953 ὲ
1039 3883 1131 3953 Bur·

127 4026 267 4083 manno
282 4006 498 4096 dissentiat,
512 4026 587 4106 qua
597 4002 831 4078 dissensione
844 4022 933 4074 sane
943 3996 1131 4083 modesta,
