2774 4666
326 439 394 509 ¹80
489 454 776 509 nummatum
801 458 924 507 crnsrs
952 459 1164 510 nonnosum

321 574 537 645 meminisse
560 572 692 642 videor
716 573 809 645 ossis
831 574 933 671 quod
960 598 1075 673 supra
1095 576 1309 672 descriptum

321 706 508 788 aequaret:
531 693 561 762 si
580 713 717 790 paucas
738 691 900 765 intanto
918 717 1080 764 numero
1099 691 1209 765 falces
1223 695 1308 765 exci-

320 810 418 905 pias,
443 809 482 878 in
514 832 674 905 quarum
693 831 769 876 una
794 832 836 877 os
861 808 978 879 lotum
1002 825 1166 907 quatuor
1188 810 1309 905 digitos

318 924 450 1013 fuisse,
470 925 648 995 indicavit
666 923 844 995 Riolanus
861 924 933 1023 (1),
962 940 1000 997 et
1030 951 1144 1024 quam
1162 925 1309 997 Voleba-

215 1030 218 1035 ⁴
318 1067 446 1114 merus
472 1042 526 1139 (a)
560 1041 705 1111 invenit
739 1041 795 1110 od
821 1041 1023 1117 dimidiam
1041 1050 1102 1113 sui
1123 1041 1307 1139 longitndi-

318 1185 400 1230 nem
425 1165 575 1258 penitus
601 1182 763 1242 osseam,
797 1158 1003 1254 praesertim
1031 1184 1123 1231 vero
1142 1185 1251 1257 quam
1272 1161 1305 1228 in

314 1277 462 1349 theatro
482 1276 556 1346 hoc
575 1289 706 1347 nostro
719 1276 931 1345 anatomico
950 1300 1092 1347 osseam
1102 1284 1249 1347 omnino
1262 1280 1306 1347 vi-

316 1383 370 1467 dit
401 1390 578 1466 Ofiredus
607 1391 678 1490 (3),
711 1394 773 1462 cui
801 1418 937 1490 parem
977 1393 1110 1466 vidisse
1149 1395 1306 1467 crederes

313 1520 425 1585 Henr.
448 1512 644 1584 Albertum
661 1510 806 1580 Nicolai
820 1508 875 1606 (4)
897 1512 968 1581 nisi
985 1510 1082 1580 idem
1096 1513 1303 1598 observasse,

311 1632 484 1719 adderet,
501 1628 809 1716 Volekamerum3
825 1627 943 1699 simile
958 1643 1084 1700 autem
1095 1627 1299 1717 Offredum3

310 1766 353 1821 ut
374 1748 543 1834 dubites,
567 1746 614 1818 de
641 1761 720 1817 tota
748 1743 865 1835 falce,
886 1770 934 1816 an
964 1746 1010 1820 de
1037 1771 1172 1844 magna
1202 1748 1302 1843 hujus

310 1882 418 1965 parte
432 1865 637 1961 intelligas,
650 1888 737 1934 cum
753 1886 791 1935 se
805 1869 956 1933 omnino
970 1887 1112 1934 osseam
1123 1866 1174 1935 ait
1186 1865 1304 1963 depre

310 1983 512 2055 hendisse:
535 2007 605 2052 nec
625 1983 704 2052 sine
725 1981 849 2077 aliqua
868 1980 1053 2075 ejusmodi
1078 1980 1301 2053 dubitatione

310 2105 374 2191 sis,
393 2126 478 2172 cum
499 2099 702 2196 quamdam
719 2098 820 2194 legas
835 2096 1158 2188 observationem,
1179 2102 1302 2197 inqua

308 2220 368 2291 vel
386 2244 430 2290 ea
454 2244 527 2288 vox
552 2209 702 2286 omnino
732 2212 977 2287 desideratur.
1000 2220 1184 2288 Caeterum
1209 2213 1300 2315 quod

307 2340 402 2411 seire
429 2335 584 2407 avebam
605 2333 652 2404 de
676 2335 748 2426 isto
766 2334 849 2402 viro
870 2334 908 2402 in
931 2358 1010 2429 quo
1026 2333 1121 2405 illud
1142 2359 1163 2405 a
1183 2360 1240 2406 me
1265 2358 1299 2404 os
1371 2352 1372 2355 ’

307 2458 502 2528 inventum
516 2468 588 2539 est,
605 2453 795 2522 neminem
804 2472 885 2521 esse
897 2452 1063 2546 potuisse
1075 2454 1144 2548 qui
1156 2452 1300 2538 diceret,
1369 2510 1370 2529 ,

306 2600 386 2647 non
407 2573 493 2644 ideo
516 2595 612 2667 tegre
638 2568 706 2638 tuli
734 2568 823 2664 quia
847 2581 1045 2664 putarem,
1069 2583 1135 2640 aut
1157 2585 1296 2668 putem,

305 2692 395 2782 inde
410 2714 590 2787 magnum
599 2686 671 2784 ipsi
679 2683 833 2781 aliquod
843 2684 1129 2758 incommodum
1137 2689 1296 2773 extitisse,

306 2814 378 2884 nisi
393 2808 488 2881 forte
504 2821 569 2878 aut
581 2802 784 2903 ponderis,
804 2817 867 2873 aut
885 2801 1138 2879 distractionis
1159 2790 1294 2876 se'nsum
1348 2896 1353 2911 ,

305 2931 469 3027 aliquem
486 2924 640 2997 credere
652 2921 847 3007 malimus3
865 2921 942 2989 imo
958 2921 1047 3017 quia
1061 2922 1255 3019 cupiebam
1264 2919 1294 2990 id

302 3049 426 3146 ipsum
445 3067 528 3114 mea
548 3038 810 3110 observatione
831 3037 1055 3109 confirmare
1070 3037 1297 3137 quodexple·

303 3184 513 3255 rorumque
538 3179 671 3237 eorum
687 3177 788 3251 quos
811 3154 1022 3241 nominavi,
1044 3170 1109 3224 aut
1141 3155 1292 3239 silentio,

305 3295 370 3352 aut
386 3275 524 3381 diserta
543 3275 654 3344 etiam
662 3285 878 3342 narratrone
888 3270 1133 3368 collegeram
1149 3273 1294 3343 nisiossa

304 3401 343 3470 in
357 3396 469 3481 falce,
490 3406 554 3463 aut
572 3390 619 3461 ad
643 3386 798 3476 falcem,
817 3403 890 3463 aut
898 3386 1019 3460 alibi
1009 3414 1050 3460 m
1068 3387 1291 3488 meningibus

253 3560 264 3583 ἱ
314 3580 1283 3611 „W

344 3714 387 3794 (ι)
408 3717 441 3771 C.
456 3714 493 3769 32
504 3751 513 3780 ,
526 3710 691 3765 Comment.
707 3704 739 3758 in
752 3705 846 3759 Galen
862 3702 900 3759 de
911 3702 1009 3759 Ossib.

374 3809 482 3892 )Eph
496 3811 534 3865 N.
550 3806 661 3862 C.dec.
677 3823 707 3873 1,
724 3801 885 3873 n.6,0bs.
905 3821 952 3872 71.
994 3821 996 3826 ·

340 3817 385 3995 g)
373 3909 544 3970 Earumd.
563 3906 625 3962 dec.
640 3922 656 3958 2
664 3944 675 3971 ,
689 3905 726 3959 Α.
742 3922 768 3973 1,
783 3902 846 3959 obs.
869 3918 934 3975 1²7·

341 4015 385 4097 (4)
406 4017 474 4071 Dec
495 4008 568 4066 Obs.
582 4006 688 4090 illustr.
703 4005 782 4059 Anat
795 4002 858 4057 obs.
874 3997 902 4055 5,
995 4049 1001 4062 ‚
