2774 4666
183 429 281 488 rm.
305 442 329 486 1.
357 441 405 486 nu
430 439 565 487 uonms
590 440 739 488 clatris.
767 443 880 490 urisr.
908 444 956 489 ιν.
1017 423 1085 515 237

69 569 193 644 sunt,
211 554 436 653 interceptio
444 562 640 649 ,quatenus
655 552 731 624 huc
746 550 875 643 faciat,
893 580 938 626 ex
959 556 1092 637 Galeni

71 673 241 744 vetustis
260 695 342 768 qnae
356 671 475 741 Salius
490 670 545 766 (ι)
559 658 709 766 objicit,
725 673 990 769 experimentis
1005 675 1093 746 exis·

74 787 301 860 timendum
325 801 395 874 est,
419 787 629 884 dequibus
654 790 809 858 cum‘iis
828 814 909 885 quac
924 790 1094 879 Valsalva

73 906 237 993 habuit,
249 907 473 1003 comparatis
481 906 631 1002 longior
641 906 820 975 nimirum
831 930 954 981 sermo
964 905 1094 978 facien·

75 1022 153 1094 dus
164 1037 282 1110 esset,
294 1046 408 1118 quam
421 1045 583 1118 praesens
593 1023 805 1094 institutum
817 1025 994 1121 patiatur;
1007 1051 1095 1122 qua·

74 1140 262 1211 mobrem
273 1139 346 1209 alio
358 1138 413 1235 (α)
423 1124 622 1233 rejicietur.
634 1143 745 1211 Nunc
754 1141 918 1238 reliquas
927 1141 1095 1240 apoplec·

76 1259 251 1328 ticorum
265 1255 439 1335 historias
455 1258 639 1352 propositi
655 1259 801 1354 generis
816 1258 1067 1354 subjiciemus.

131 1380 194 1462 24.
208 1372 534 1458 salsamentarius,
555 1373 663 1468 cnjus
673 1389 752 1445 erat
760 1373 916 1445 taberna
928 1377 1094 1449 Venetiis

79 1507 221 1564 contra
255 1494 403 1587 portam
438 1492 717 1560 armamentarii
753 1489 918 1587 publici,
952 1495 1095 1565 consis-

79 1624 189 1681 tente
207 1622 329 1699 aetate,
345 1606 451 1677 bono
468 1605 623 1697 habitu,
641 1623 678 1678 et
699 1608 927 1706 subpingui3
955 1635 1000 1680 ex
1017 1635 1094 1707 quo

81 1727 235 1824 aliquot
249 1740 335 1796 ante
352 1723 548 1794 mensibus
560 1739 823 1820 aegrotaverat,
844 1751 923 1796 non
935 1727 1096 1824 amplius

82 1846 137 1916 ita
157 1843 308 1933 hilaris,
334 1856 375 1913 ut
396 1841 507 1928 olim,
533 1838 624 1929 fuit,
648 1867 720 1915 nec
744 1858 870 1939 tamen
887 1843 933 1914 de
950 1846 1096 1916 incom-

83 1960 207 2037 modo
219 1975 376 2057 questus
395 1973 452 2030 ost
468 1957 547 2029 ullo
565 1957 671 2055 quod
693 1958 741 2029 ad
768 1975 882 2058 caput
898 1961 1096 2051 attineret,

83 2077 134 2149 ad
160 2076 267 2174 quod
299 2100 425 2172 neque
453 2074 523 2171 illae
557 2064 787 2161 attinuerunt
818 2077 1087 2173 aegrotationes.

84 2196 185 2266 Huic
209 2192 333 2292 pridie
353 2191 634 2263 nonos'sextiles
656 2193 748 2262 anni
766 2194 857 2290 1708
875 2193 977 2297 nulla
998 2219 1090 2293 prae-

84 2314 146 2384 via
161 2310 330 2383 evidenti
350 2335 482 2396 causa,
502 2310 576 2381 nisi
589 2307 684 2381 forte
699 2336 745 2381 ex
762 2310 867 2397 cibo,
882 2313 922 2381 in
940 2328 1018 2408 quo
1031 2312 1093 2395 vel

86 2430 265 2502 extremis
300 2429 382 2498 vitae
399 2425 564 2498 ,diebus⁴
576 2426 755 2525 deliquit,
779 2426 886 2503 valde
912 2429 1093 2501 intumuit

86 2546 209 2619 bucca
229 2542 398 2632 sinistra,
414 2560 563 2616 tumore
584 2544 675 2616 inde
693 2569 732 2616 se
750 2546 974 2617 extendente
995 2545 1092 2617 infra

87 2680 283 2751 mentum,
304 2677 417 2759 atque
443 2661 660 2734 auriculam.
683 2665 815 2758 Neque
843 2687 888 2733 eo
911 2664 1034 2734 minus
1051 2664 1090 2733 in

88 2776 331 2853 toberuafuit
344 2803 427 2866 sua,
444 2793 509 2852 aut
528 2802 668 2873 eaquae
690 2774 809 2848 lacere
838 2794 875 2849 et
893 2778 1091 2857 comedere

89 2898 252 2986 solebat,
270 2897 405 2969 omisit.
424 2895 496 2968 Sed
516 2894 696 2994 postridie
716 2920 836 2967 nonas
855 2897 916 2971 vix
935 2921 955 2966 e
975 2898 1092 2986 lecto,

89 3018 223 3114 inquo
237 3029 389 3089 noctem
410 3012 508 3087 bene
524 3012 747 3100 dormierat,
772 3013 952 3100 surrexit,
978 3039 1092 3111 seque

90 3133 236 3223 induit,
252 3144 340 3205 culn
364 3146 521 3229 repente
536 3118 695 3228 magno,
713 3146 750 3201 et
766 3130 982 3202 vehementi
1004 3157 1092 3207 cum

90 3252 238 3348 impetu
252 3274 321 3348 per
339 3247 558 3327 cubiculum
572 3247 632 3331 bis
648 3263 751 3338 terve
768 3248 993 3333 ambulavit,
1018 3266 1092 3327 sta-

92 3371 242 3466 timque·
266 3366 457 3453 consedit,
480 3381 595 3463 atque
608 3380 703 3453 utse
718 3365 875 3438 haberet
891 3369 1096 3466 interroga·
1186 3433 1189 3440 .

90 3465 169 3574 tun,
193 3483 271 3573 beu
287 3482 384 3571 heu,
401 3482 477 3557 heu
491 3482 709 3579 respondit,
732 3482 862 3581 ibique
878 3484 979 3559 illico
993 3510 1094 3555 mor-

92 3615 178 3677 tuus
193 3615 265 3672 est„

846 3790 1094 3807 *bu-...uu-

131 3879 175 3956 (ι)
195 3881 240 3936 D'e
253 3880 362 3936 dilect.
381 3879 587 3937 Particularib.
604 3900 627 3937 o.
649 3900 676 3935 2.

131 3977 175 4054 (2)
195 3978 288 4054 rpus.
304 3996 349 4054 ¹9·
407 4044 409 4049 .
