2798 4668
203 470 272 518 eta.
299 471 325 517 r.
352 470 398 518 nn
425 469 560 517 uonms
587 468 879 531 car1r1s,nr1sr.
906 471 978 518 xn,
1025 445 1091 519 581

78 584 321 679 pericranii,
361 583 436 654 sive
470 606 598 654 crassae
630 583 840 680 meningis,
863 584 938 655 site
970 585 1097 681 potius
1131 625 1134 629 ·

79 701 289 799 utriusque
316 700 552 787 herniarum,
571 713 614 770 ut
637 701 690 771 sic
716 697 878 796 loquar,
898 699 1096 777 cerebrum

80 817 371 890 includentium
398 816 568 916 exempla
592 816 662 887 alia
694 815 798 888 dabit
828 814 997 887 Hellerus
1028 817 1043 912 (
1069 816 1095 914 )

79 933 277 1032 Intelligis
306 949 456 1024 autem,
488 958 601 1031 quam
626 931 732 1007 facile
755 934 901 1031 possint
928 932 1096 1006 distentae

81 1050 354 1148 distractaeque
382 1077 427 1123 eo
450 1051 620 1149 pondere
646 1050 892 1140 membranae,
911 1049 1098 1148 disrumpi

80 1166 246 1238 tandem
260 1222 270 1255 ,
286 1169 552 1266 inclusumque
571 1168 723 1267 pondus
740 1169 919 1239 emittere.
935 1167 1048 1257 Quod
1065 1168 1098 1238 si

81 1282 293 1355 cerebrum
309 1286 355 1356 sit
364 1283 637 1385 hydrocephali
648 1309 746 1384 aqua
755 1284 980 1356 dissolutum
994 1283 1096 1373 3haet

82 1416 126 1473 et
156 1400 307 1498 pondus
339 1402 509 1500 augebit,
535 1418 573 1475 et
595 1427 665 1501 per
693 1399 877 1485 foramina
902 1401 1095 1473 interdum

80 1517 204 1588 etiam
231 1519 363 1617 exigua
389 1534 432 1591 ut
454 1521 593 1593 sensim
615 1518 805 1606 elabatur,
834 1513 979 1588 efficiet.
1011 1519 1095 1606 Qua

81 1647 216 1705 autem
230 1638 376 1709 ratione
396 1650 588 1733 aquatum
606 1633 778 1724 accedat,
796 1648 877 1705 tum
894 1632 1095 1705 cerebrum

80 1749 287 1840 dissolvat,
321 1751 415 1823 illud
447 1754 614 1851 primum
649 1775 761 1850 supra
794 1751 864 1849 (23)
898 1752 1092 1848 quomodo

78 1883 246 1965 propter
263 1869 460 1969 impeditas
478 1870 675 1969 pituitariae
697 1868 899 1968 glandulae,
927 1869 1094 1969 aliasque

80 1989 166 2059 vias
183 1988 395 2085 contingat,
412 1990 498 2060 satis
509 1988 650 2060 dictum
665 2002 743 2060 est:
763 1985 814 2059 ob
828 1985 1016 2084 disruptas
1025 2011 1091 2057 au·

80 2120 166 2177 tem
192 2104 389 2202 hydatides
410 2131 520 2205 posse
542 2107 653 2179 etiam
679 2103 779 2194 fieri,
796 2120 853 2178 est
871 2104 1089 2176 indicatum.

80 2228 178 2311 HaS,
198 2247 271 2295 nec
294 2222 477 2295 mediocri
496 2223 773 2325 magnitudine,
804 2221 905 2294 baud
931 2223 982 2294 ita
1004 2246 1091 2293 raro

79 2339 185 2411 intra
212 2341 405 2429 cranium,
432 2342 509 2412 imo
535 2343 634 2412 intra
660 2340 858 2413 cerebrum
885 2339 1091 2417 bestiarum

78 2455 306 2544 increvisse,
333 2457 632 2548 observationes,
653 2458 742 2529 alias
768 2456 823 2554 (3)
843 2482 863 2527 a
885 2477 945 2526 me
962 2482 1006 2527 ex
1025 2459 1088 2526 Se·

80 2573 285 2670 pulchreto
302 2574 495 2663 indicate,
512 2577 599 2647 satis
613 2572 842 2648 ostendunt:
862 2595 955 2669 quas
965 2573 996 2644 si
1004 2595 1088 2669 per·

80 2688 210 2786 legas,
241 2691 342 2762 idem
372 2689 593 2764 hominibus
628 2714 781 2788 quoque
812 2711 1089 2785 nonnunquam

80 2805 283 2897 accidisse,
299 2833 513 2907 cognosces.
529 2809 712 2881 Humanis
723 2803 1089 2885 automfoetibusaut

64 2906 369 3024 'hydrocephalo
402 2925 680 3014 laborantibus,
716 2939 781 3001 aut
816 2925 894 2996 sine
929 2920 1086 2993 cerebro

83 3039 214 3129 editis,
230 3057 273 3112 ut
290 3065 385 3140 saepe
398 3042 596 3140 hydatides
609 3044 650 3112 in
665 3038 906 3138 meningibu's
926 3035 1086 3127 fuerint,

80 3155 114 3228 is
132 3160 198 3254 qui
215 3183 237 3229 a
253 3158 300 3231 el.
319 3163 373 3229 Jo.
391 3158 485 3229 Rud.
507 3161 701 3257 Zwingero
713 3155 768 3253 (4)
782 3155 992 3253 descriptus
1010 3169 1085 3242 est,

81 3288 118 3344 et
131 3276 329 3351 memorati
343 3271 1084 3374 Monspeliensis,Foroliviensis‚aliique

81 3407 391 3497 commonstrant.
418 3395 502 3482 Quo
531 3394 641 3464 etiam
666 3391 856 3488 pertinere
877 3386 983 3461 facile
1003 3411 1085 3458 cre-

149 4005 161 4088 )
182 4012 249 4067 Aet.
262 4009 376 4067 Helvet.
391 4018 414 4065 t.
435 4027 465 4081 1,
479 4026 505 4064 e.
522 4020 548 4066 r.
