2784 4668
306 447 375 522 116
471 468 518 519 nn
544 464 691 517 sacrans
716 468 761 515 nr
786 466 910 517 censis
935 438 1146 518 noilaoann

298 610 377 687 quo
396 583 444 656 ad
463 580 650 657 similem
641 606 693 653 ιη
702 579 779 653 lere
799 581 913 654 simili
930 606 1018 656 casu
1031 580 1306 656 dubitationem

169 735 172 740 ·
297 699 506 776 tollendam
531 699 587 770 uti
611 723 692 770 non
715 683 839 797 potuit
864 698 1135 797 Laubius(1).
1158 699 1306 771 Scilicet

297 817 456 894 mihim
480 816 675 915 proposita
703 814 968 888 observatione
993 830 1218 915 argumento
1253 830 1305 889 est

297 937 378 1034 ejus
395 935 476 1007 vitii
494 948 648 1023 natura,
669 932 774 1031 quod
792 933 832 1004 in
846 932 1004 1005 cerebro
1022 928 1186 1022 latebat,
1204 934 1305 1006 illins

297 1052 493 1127 consimile
513 1050 616 1151 quod
637 1050 759 1149 legisti
776 1051 817 1121 in
838 1051 1045 1148 superiore·
1061 1049 1118 1123 Ab
1139 1066 1302 1149 utroque

295 1169 444 1245 lethalis
467 1168 657 1267 denique,
684 1182 728 1240 ut
753 1191 866 1266 supra
891 1165 946 1265 (a)
973 1167 1199 1267 explicatum
1226 1183 1303 1259 est,

293 1288 432 1361 accidit
449 1285 645 1385 apoplexia
664 1298 686 1375 3'
701 1283 768 1358 sed
788 1299 897 1358 antea
921 1285 1070 1375 levior,
1089 1311 1172 1399 quae
1192 1288 1305 1358 nimi-

293 1430 380 1480 rum
400 1404 492 1479 huic
509 1404 591 1475 viro
609 1417 651 1475 ut
669 1404 709 1473 in
722 1416 806 1475 artu
822 1403 1010 1502 superiori
1027 1405 1104 1475 vim
1124 1403 1304 1477 movendi

294 1539 408 1623 atque
440 1520 628 1595 sentiendi
654 1545 809 1621 prorsus
836 1519 1008 1611 ademit,
1041 1523 1093 1595 sic
1120 1522 1301 1596 movendi

295 1640 448 1727 saltem,
469 1640 510 1709 in
535 1636 707 1710 inferiori
731 1638 915 1737 tantisper
936 1638 1113 1730 videtur,
1135 1663 1223 1712 cum
1242 1642 1303 1712 in-

212 1766 214 1769 ’
294 1760 438 1859 ciperet
452 1756 664 1844 ademisse,
687 1769 730 1826 ut
749 1771 906 1854 repente
933 1754 1092 1829 caderet.
1118 1761 1302 1830 Caeterum

295 1889 502 1971 utcumque
521 1872 724 1960 statueris;
753 1896 903 1971 semper
930 1898 1012 1946 eam
1035 1873 1301 1946 observatione

293 1990 366 2067 hac
387 1987 605 2064 confirmari
629 1987 864 2077 doctrinam,
882 1990 1027 2064 videbis
1046 2015 1117 2090 pro
1136 2015 1215 2091 qua
1229 2006 1303 2064 sta-

294 2108 361 2183 bat
379 2106 577 2196 Valsalva3
599 2106 668 2178 sed
687 2106 752 2178 illa
771 2106 832 2180 rel
854 2109 973 2208 magis
988 2132 1102 2206 quam
1124 2110 1302 2208 protinus

296 2248 342 2298 ex
364 2224 502 2298 eodem
525 2222 730 2325 subjiciam.

348 2342 402 2415 13.
427 2340 575 2413 Mulier
573 2364 762 2412 annorum
774 2343 1031 2440 septuaginta
1044 2342 1238 2416 amultis
1223 2369 1301 2441 Jam
1384 2388 1385 2419 2

294 2456 489 2534 mensibus
513 2456 621 2529 valde
649 2457 833 2530 obliviosa
862 2474 967 2548 erat,
995 2482 1122 2559 neque
1151 2485 1302 2559 semper
1384 2452 1385 2527 l

293 2576 473 2675 objecta‚·
499 2590 603 2648 certo
628 2577 703 2646 situ
722 2578 869 2674 posita,
889 2576 1092 2666 cernebat,
1116 2578 1299 2652 incedens

293 2709 420 2768 autem
434 2692 495 2763 vix
510 2690 627 2791 pedes
643 2691 850 2764 attollebat.
871 2697 956 2765 Haec
972 2717 1058 2765 cum
1079 2719 1180 2767 anno
1196 2711 1302 2786 ante,
1383 2670 1384 2707 ³

266 2818 269 2824 ’
292 2813 422 2886 nescio
444 2835 520 2909 qua
542 2809 672 2908 capitis
697 2810 896 2907 repentina
919 2808 1118 2884 affectione
1135 2827 1300 2905 tentata,
1382 2832 1383 2839 ’

292 2930 396 3003 illico
422 2929 627 3016 evasisset3
653 2926 887 3001 nuncinter
912 2928 1190 3002 comedendum
1216 2984 1228 3020 ‚
1257 2957 1302 3004 ex
1382 2922 1383 2925 ¹

292 3045 501 3145 improviso
521 3043 642 3133 cadit,
660 3058 739 3115 tota
756 3043 904 3116 sinistra
923 3061 1030 3144 parte
1051 3049 1245 3146 corporis,
1266 3063 1302 3121 et
1381 3120 1382 3137 2

295 3164 450 3238 dextero
473 3163 585 3234 etiam
608 3160 768 3232 brachio
787 3163 965 3234 resoluto.
986 3164 1195 3263 Respiratio
1215 3169 1303 3264 qui·

295 3282 382 3355 dem
399 3279 579 3352 naturalis
596 3279 755 3350 omnino
774 3294 849 3369 est,
866 3294 909 3352 ut
926 3277 1044 3352 ferme
1059 3282 1173 3354 'etiam
1193 3281 1302 3356 faciei

295 3400 427 3488 color,
453 3396 520 3494 qui
543 3398 624 3495 ipsi
642 3394 832 3495 pallidust
857 3400 981 3495 neque
1006 3398 1091 3471 ullae
1118 3416 1303 3499 apparent

295 3515 583 3603 convulsiones3
604 3513 670 3586 sed
686 3528 803 3612 caput
816 3539 895 3586 non
914 3538 1020 3588 secus
1040 3517 1130 3589 acsi
1149 3533 1301 3591 mortua

295 3650 417 3723 esset,
440 3630 633 3705 concidit:
659 3654 785 3728 neque
811 3628 933 3703 ullum
957 3632 1022 3704 dat
1039 3633 1303 3734 intelligendi,
1378 3676 1379 3709 ἦ

334 3913 379 3992 (ι)
399 3911 476 3987 Eph.
493 3910 532 3968 N.
549 3910 583 3967 C·
597 3907 683 3968 Ceut.
696 3924 732 3984 9,
748 3905 814 3965 obs.
829 3904 879 3966 63.

333 4015 379 4097 (a)
398 4014 438 4072 N.
457 4028 503 4067 ro.
