2784 4668
211 474 279 525 nm.
307 476 332 521 1.
360 473 888 543 nauormscamrts,rr1sr.
916 478 940 527 r.
1033 460 1079 557 89

68 613 176 689 pars,
194 613 281 687 quae
294 604 464 686 supernae
479 588 609 665 mediae
631 591 777 688 regioni
799 591 902 679 sinus
919 592 1081 669 lateralis
1144 607 1148 612 '

69 706 217 779 dexteri
232 708 403 804 proxima
418 722 516 796 erat,
535 707 656 778 multo
677 709 835 780 crassior
852 707 969 797 facta,
993 736 1082 785 cum

71 824 189 896 altera
204 824 404 922 meninge,
418 837 532 922 atque
546 824 641 897 adeo
654 847 741 895 cum
755 826 901 899 cerebri
913 826 1084 902 substan·

69 943 121 1015 tia
133 942 296 1013 omnino
305 941 512 1030 coaluerat,
521 956 704 1039 erantque
717 941 794 1015 hec
805 944 874 1015 tria
888 960 932 1016 e'o
946 946 982 1016 in
996 946 1081 1017 loeo

70 1057 371 1157 semiputridaet
381 1054 505 1135 lurido
518 1058 684 1159 quodam
697 1059 900 1149 colore,er
913 1061 1081 1134 subflavo
1173 1087 1175 1091 ’

73 1178 248 1265 cinereo,
263 1177 304 1246 in
321 1176 487 1249 corticali
504 1179 708 1275 presertim
724 1178 870 1252 cerebri
885 1180 1081 1277 portione,

56 1292 283 1391 ideturpata.
302 1293 403 1382 Quin
429 1293 540 1384 etiam
563 1295 699 1369 extima
726 1295 884 1391 subjecti
906 1295 1081 1369 cerebelli

71 1409 544 1508 substantia‚‘quanquam
564 1410 611 1482 ad
628 1413 814 1483 minorem
830 1426 1009 1501 tractum,
1033 1412 1082 1487 ad
1172 1456 1175 1457 f

72 1525 169 1609 duos
185 1526 362 1600 videlicet
378 1543 609 1605 transversos
625 1527 782 1626 digitosr
800 1552 886 1605 cum
905 1530 1083 1628 meninge

71 1660 237 1744 utraque
255 1644 349 1718 adeo
367 1646 575 1730 coaluerat,
592 1660 634 1717 ut
651 1668 738 1718 cum
759 1670 780 1717 e
797 1644 899 1723 durae
916 1670 1008 1719 cavo
1027 1669 1084 1720 ce-
1204 1656 1207 1663 ’

71 1761 263 1835 rebellum
272 1763 527 1851 extraherem,
544 1762 659 1859 hujus
671 1761 724 1837 ihi
738 1759 962 1851 substantia,
980 1763 1084 1839 dura

71 1882 245 1978 meningi
264 1880 459 1953 adhaerens
479 1881 610 1953 relicta
626 1883 817 1955 sit..Porr0
835 1879 1085 1959 cerebrivasa
1202 1884 1205 1895 '
1281 1905 1285 1915 ·

70 2022 137 2096 per
169 2014 327 2073 tenuem
352 2000 569 2097 meningem
591 1999 780 2096 repentia,
814 2024 923 2096 aequo
949 1997 1083 2069 latiora

71 2114 432 2214 conspiciebantur,
466 2117 655 2214 nigroque
685 2118 867 2214 sauguine
895 2116 1083 2204 distenta,

71 2233 196 2330 qualis
212 2247 250 2307 et
260 2234 301 2304 in
313 2231 416 2306 durae
431 2233 576 2307 sinibus
587 2230 666 2309 fuit.
681 2236 751 2306 Per
762 2233 1010 2307 medullarem
1022 2257 1098 2303 au·-

69 2365 146 2424 tem
162 2349 313 2437 cerebri
328 2349 781 2445 substantialitassulatim
798 2347 995 2419 dissectam
1008 2373 1086 2431 cre·

71 2467 141 2543 bra
158 2469 320 2568 passim,
332 2484 370 2542 et
386 2469 618 2542 evidentiora
634 2489 751 2564 quam
762 2461 925 2553 soleant,
939 2468 1083 2563 sangui·

73 2583 150 2659 fera
167 2586 320 2660 vascula
336 2612 375 2660 se
400 2583 659 2660 ostendebant.
680 2583 866 2668 Laterales
884 2583 1085 2659 ventriculi

72 2726 170 2801 aqua
195 2702 403 2801 plenissimi
420 2700 718 2799 subfrisca‚„quo
739 2700 926 2773 colore.et
950 2724 1084 2771 eorum

76 2814 188 2892 iacies
202 2816 343 2891 inlecta
357 2832 446 2889 erat.
459 2817 645 2915 'Denique
656 2816 815 2914 pinealis
829 2814 1009 2913 glandula
1024 2812 1085 2886 fir-

74 2937 192 3025 mior,
209 2949 249 3007 et
263 2934 403 3030 major,
423 2947 461 3006 et
474 2932 639 3006 albidior
654 2922 840 3031 quosdam
859 2932 967 3028 quasi
983 2932 1085 3004 locu·

74 3052 131 3125 los
143 3053 249 3125 intus
269 3048 411 3122 habere
431 3051 509 3123 visa
530 3063 596 3122 est.
615 3047 687 3123 Sed
710 3070 781 3120 nec
801 3047 897 3119 illud
916 3048 1089 3131 reticebit

77 3192 180 3259 mus,
197 3191 287 3263 cum
302 3189 387 3249 rara
402 3165 665 3255 observatione
681 3188 765 3263 quae
791 3166 832 3235 in
849 3169 1089 3249 Commentaa

76 3287 141 3358 riis
152 3299 254 3360 extat
264 3282 550 3381 Petropolitanae
561 3287 697 3381 Imper.
713 3281 919 3356 Academiae
930 3282 985 3380 (1)
998 3308 1086 3358 con·

74 3400 334 3502 jungendum,
351 3400 457 3497 quod
474 3399 522 3472 ab
538 3414 626 3471 ortu
634 3385 723 3488 ,aut
737 3414 838 3472 certe
854 3425 875 3469 a
893 3402 1014 3497 prima
1031 3404 1086 3474 in·

77 3517 191 3593 fanda
206 3518 324 3615 hujus
336 3517 506 3590 mulieris
519 3518 649 3589 cranio
668 3515 856 3615 peculiare
871 3514 962 3607 fuit,
977 3533 1020 3590 ut
1036 3520 1085 3591 la·

78 3649 139 3711 tus
149 3635 339 3737 posterius
347 3631 542 3707 dexterum
551 3633 669 3732 magis
676 3648 849 3707 curvaret
860 3647 1083 3726 extrorsum,

122 4012 166 4096 (ι)
185 4017 273 4077 Tem.
290 4034 319 4090 7,
331 4033 363 4093 p.
377 4033 434 4074 aaa
448 4026 477 4073 et
491 4033 553 4092 seq.
609 4036 611 4041 ·
