2780 4666
302 430 375 505 330
468 453 516 500 ne
539 452 687 509 sumans
710 455 754 501 rr
778 448 1138 515 causisrroraoanrr

299 1051 410 1135 pecta
423 1048 488 1109 est.
506 1038 610 1121 Inter
621 1050 824 1134 utramque
837 1038 1054 1135 meningem
1070 1060 1179 1134 aquae
1196 1038 1297 1135 copia

298 1178 378 1224 non
393 1152 551 1225 modica.
570 1154 689 1226 Multa
707 1176 862 1253 quoque
881 1150 953 1227 sub
966 1153 1073 1226 tenui
1090 1152 1139 1225 ad
1157 1153 1296 1227 cerebri
1372 1228 1373 1259 ,

299 1269 443 1359 sulcos3
457 1270 556 1356 imo,
570 1286 612 1342 ut
626 1270 804 1344 attentius
823 1270 1026 1371 inspiciens
1043 1272 1226 1370 cognovi,
1243 1271 1295 1342 iu-
1372 1350 1373 1355 ,

298 1402 357 1459 tra
371 1387 651 1461 membraneum
668 1387 839 1486 ejusdem
854 1388 1041 1488 meningis
1053 1387 1295 1462 substantiam

296 1506 337 1575 in
361 1504 543 1603 quasdam
572 1507 678 1604 quasi
698 1528 874 1580 mucosus
900 1504 1055 1581 cellulas
1085 1502 1294 1594 diductam3

297 1622 546 1720 quamobrem
561 1646 698 1722 aquam
708 1623 767 1697 his
784 1618 929 1698 cellulis
941 1625 1191 1723 interceptam
1200 1644 1296 1696 men·

295 1741 359 1811 tiri
376 1739 529 1839 quidem
542 1740 774 1837 galatiam,
797 1740 864 1814 sed
880 1764 1011 1814 revera
1027 1764 1107 1814 esse
1124 1722 1293 1830 fluidam,

295 1855 553 1930 animadverti.
589 1860 633 1928 ln
670 1856 887 1931 lateralibus
926 1856 1145 1930 ventriculis
1181 1846 1295 1955 pauca

295 1995 414 2070 aqua,
439 1996 557 2070 eaque
583 1988 763 2048 cruenta:
784 1999 855 2047 nec
880 1973 1073 2074 pallebant
1097 1996 1205 2061 vasa,
1232 1996 1292 2072 per

295 2112 429 2161 eorum
454 2089 694 2189 superficiem
728 2091 860 2181 ducta,
888 2115 959 2167 nec
987 2115 1070 2188 qiam
1095 2089 1292 2163 choroides

292 2205 425 2304 plexus
441 2203 629 2295 efficiunt,
650 2234 816 2307 quorum
830 2210 872 2281 in
887 2210 1068 2309 plexuum
1088 2210 1291 2307 posteriore

294 2338 400 2421 parte
410 2322 734 2421 hydatideserant.
750 2327 910 2401 Pinealis
926 2325 1122 2425 glandula,
1138 2326 1290 2398 minime

292 2440 397 2528 laxa,
429 2440 528 2513 intra
553 2466 592 2515 se
620 2444 892 2544 corpusculum
924 2441 1058 2515 habuit
1088 2443 1290 2543 inaequale,

291 2557 552 2657 magnitudine
587 2561 745 2635 minoris
767 2562 875 2660 grani
897 2561 1061 2662 piperis,
1090 2558 1289 2633 substantia

292 2675 529 2767 duriuscule,
544 2678 609 2751 sed
628 2705 753 2778 neque
765 2702 886 2769 ossea,
904 2694 1030 2777 neque
1045 2677 1291 2778 cartilaginea,

291 2818 416 2890 neque
450 2793 644 2871 manifeste
673 2797 831 2897 lapidea.
865 2795 1090 2884 Cerebrum,
1118 2809 1156 2867 et
1189 2793 1288 2899 nervi

290 2934 371 2982 non
398 2908 505 2984 valde
534 2911 699 3003 fluendi,
722 2914 952 2989 cerebellum
987 2910 1287 3012 pallidiusculum

290 3041 346 3099 est
362 3029 494 3101 visum.
511 3034 540 3102 E
556 3030 670 3130 spinae
693 3030 787 3104 tubo
809 3032 871 3102 vix
897 3054 1025 3130 paucae
1051 3048 1157 3127 aquae
1181 3041 1287 3129 gutte

289 3142 514 3218 defluebant.
922 3174 925 3181 ’

343 3260 398 3333 13.
416 3263 454 3333 Si
466 3287 514 3337 ex
529 3262 654 3337 verbis
668 3264 927 3364 Hippocratis,
944 3278 1126 3362 tanquam
1142 3287 1190 3334 ex
1207 3284 1285 3333 ora·

288 3370 407 3467 culis,
421 3380 590 3477 quaedam
607 3406 826 3479 excerpere,
841 3396 878 3455 et
897 3380 1037 3454 adrem
1051 3385 1219 3453 nostram
1233 3400 1287 3450 ac·

289 3496 530 3569 commodare
544 3496 598 3572 las
615 3514 731 3589 esset,
748 3497 919 3598 profecto
943 3523 988 3571 ex
1010 3499 1056 3569 iis
1070 3518 1156 3596 qum
1172 3497 1218 3568 de
1237 3496 1285 3566 le·

288 3611 464 3712 thargicis
489 3614 636 3714 scripsit
658 3616 733 3714 (ι),
760 3618 801 3688 in
826 3616 1060 3716 propositam
1093 3614 1283 3687 historiam

325 3976 369 4053 li)
390 3978 425 4032 In
438 3979 526 4034 Coae.
539 3979 666 4034 Praenot.
680 3977 805 4053 interpr.
820 3979 842 4034 l.
858 3995 891 4048 r,
905 3996 936 4034 n.
952 3972 1019 4040 145.

301 589 435 640 omnes
447 567 646 638 maximam
658 581 803 665 partem
818 592 865 642 ex
880 565 967 640 alba
981 567 1125 655 tenaci,
1144 580 1182 638 et
1197 569 1299 664 quasi

300 682 671 757 fibrosasubstantia.
1370 672 1371 679 ἵ

350 802 490 874 Granio
501 815 666 889 exsecto,
681 801 877 875 concretio
892 801 1078 901 polyposa
1094 802 1221 891 exilis,
1239 801 1298 875 sed
1371 864 1372 889 ,

298 918 400 991 illius
426 917 594 1015 ejusdem
624 917 859 1010 substantiae,
889 920 930 991 ia
955 916 1059 992 falcis
1089 920 1176 992 sinu
1193 941 1298 992 cons·
1371 912 1372 921 ¹
