2780 4666
180 405 251 453 tna.
280 407 305 452 ι.
332 405 380 452 ua
405 402 540 452 nonam
565 402 852 467 car1r1s‚ar1sr.
878 404 943 450 vn.
996 379 1062 453 351

65 518 227 619 dignum
254 518 332 589 vidi
355 517 460 614 quod
489 516 551 588 hic
577 515 800 604 adnotetur,
826 519 896 587 nisi
922 518 1066 588 minuta

66 627 240 737 quaedam
265 636 372 733 quasi
399 637 544 706 mbacci
573 634 746 732 granula,
775 659 857 731 quae
887 635 1065 732 utrinque

67 768 176 826 erant
192 753 240 824 ad
256 754 371 825 latera
386 751 596 822 carunculae
614 751 818 839 seminalis,
833 765 869 823 et
882 772 1067 822 caruncu-

66 871 109 942 lae
120 895 278 968 quoque
293 870 365 966 ipsi
378 868 606 966 agglutinata
622 892 699 940 esse
712 867 946 940 videbantur.
961 870 1066 941 Tunc

64 1001 234 1084 prostata
264 985 444 1083 glandula
470 985 647 1073 dissecta,
676 986 774 1055 intra
808 984 906 1055 hanc
936 985 1067 1057 cadem

64 1104 226 1202 granula
237 1126 324 1173 cum
338 1104 378 1171 in
393 1117 499 1199 parte
520 1104 686 1191 sinistra,
702 1117 783 1175 tum
807 1104 1010 1200 prasertim
1026 1105 1069 1174 in

65 1220 220 1292 dextera
236 1216 313 1290 fere
328 1232 427 1306 tota,
442 1241 729 1316 quoquoversus
739 1240 920 1308 secacum,
934 1218 1066 1318 depre-

63 1335 195 1408 hendi.
205 1334 411 1406 Thoracem
421 1334 497 1429 jam
508 1337 811 1433 aggredientibus
819 1353 1067 1409 occurrerunt

64 1454 235 1551 primum
248 1451 503 1565 curtilaginas²
514 1474 583 1548 per
596 1455 992 1553 qutslegitimaecostoe
1009 1456 1066 1525 in-

63 1568 226 1641 feriores
241 1590 328 1643 cum
343 1582 471 1640 sterno
489 1570 796 1659 committuntur,
822 1585 1032 1643 extrorsum
1046 1592 1067 1642 a
1090 1616 1093 1622 -

62 1685 200 1758 denuo
214 1664 329 1759 latere
344 1684 655 1782 protubemntes,
678 1690 783 1784 quasi
807 1688 949 1786 aliquid
970 1690 1066 1762 inte·

63 1804 145 1875 rins
159 1800 327 1875 subesset
340 1801 446 1899 quod
461 1800 671 1899 impulisset
687 1803 736 1875 ad
750 1807 945 1876 exteriora.
962 1802 1065 1879 Nihil

62 1935 192 1992 autem
211 1918 397 2022 ejusmodi
413 1917 564 1989 suberat
581 1945 589 1988 ε
607 1920 733 2016 itaqua
750 1922 915 2017 conjeci,
935 1942 1067 2020 aecep-

63 2052 147 2108 tmn
167 2036 207 2106 id
232 2058 310 2109 esse
329 2033 569 2107 referendum
589 2037 714 2109 nimiis
738 2038 778 2107 in
798 2036 937 2136 puerili
961 2054 1065 2112 aetate

61 2152 227 2225 muscidi
243 2152 441 2251 pectoralis
453 2152 597 2224 dexteri
611 2155 945 2243 contentionibus,
961 2172 998 2228 et
1007 2179 1066 2228 co·

62 2269 216 2342 natibus
234 2293 332 2367 quos
350 2269 566 2341 rudimenta
581 2267 736 2342 fortusse
760 2272 861 2344 illius
883 2274 973 2345 artis
990 2276 1064 2345 eni*

62 2401 208 2486 gerent.
230 2391 276 2457 In
291 2386 429 2457 reclusi
440 2384 607 2457 thoracis
623 2404 715 2458 cavo
729 2387 981 2461 dexterusana
991 2408 1066 2460 om·

61 2506 136 2575 nia.
160 2508 207 2575 At
218 2504 260 2599 in
274 2505 425 2575 sinistro
443 2502 560 2574 multa
578 2526 675 2600 aqua
693 2503 885 2576 subflauo:
910 2531 985 2602 qua
1001 2528 1083 2577 ex··

61 2620 216 2708 hanua,
233 2634 488 2718 apparuerunt
505 2642 573 2717 per
587 2617 719 2691 faciem
740 2621 931 2719 pulmonis
950 2636 1065 2694 strata

61 2735 296 2835 quasilrusta
306 2760 434 2811 crassae
445 2733 1065 2833 cujusdam‚utvidebatunmem-

60 2853 190 2926 braum
207 2854 327 2945 ilavae,
345 2870 381 2926 et
395 2853 571 2927 facillime
585 2852 817 2945 lacerabilis3
832 2869 877 2926 ut
893 2858 1066 2953 quamvis

61 2972 263 3043 mucnlare
277 2971 474 3069 quoddam
490 2992 588 3072 opus
604 2973 643 3043 in
662 2994 699 3045 se
719 2968 903 3045 intextum
927 2988 1065 3070 repra-

61 3104 248 3175 sentaret,
272 3090 553 3162 concretionem
580 3112 658 3163 esse
673 3092 885 3162 censuerim
909 3082 1063 3162 crassio-

59 3227 148 3278 rum
172 3206 443 3304 panicularum
465 3208 505 3277 in
525 3226 571 3278 ea
596 3206 690 3278 flatu
715 3230 813 3305 aqua
838 3208 1060 3278 natantium.

59 3327 178 3394 Eram
194 3323 378 3420 ejusmodi
398 3324 521 3422 ampla
538 3320 655 3397 frusta
674 3344 744 3422 per
760 3321 892 3397 faciam
912 3342 1064 3422 praeser-

58 3441 128 3511 tim
140 3437 360 3512 inferiorem
370 3439 449 3511 lobi
462 3440 653 3538 pulmonis
666 3438 876 3529 inferioris,
895 3442 1062 3538 itemque

58 3559 160 3631 inter
176 3556 326 3645 lubum,
351 3573 390 3630 et
403 3557 546 3660 lobum.
564 3557 692 3631 Lobus
706 3574 832 3630 autem
852 3559 885 3630 is
907 3555 1063 3628 inferior

58 3676 179 3749 durus
203 3691 284 3749 erat
311 3674 427 3748 ferme
451 3690 569 3764 totus,
591 3690 627 3747 et
644 3676 786 3774 gravis:
805 3675 1060 3773 dissectusque

56 3819 102 3866 ex
118 3794 238 3866 densa
256 3794 431 3864 inventus
449 3792 723 3864 est'substantia
733 3807 965 3890 compactus,
981 3814 1059 3861 non

55 3911 318 4013 pulmonaris‚
344 3909 409 3981 sed
425 3909 603 4008 hepaticae
628 3909 757 3998 simili3
781 3923 824 3979 ut
846 3908 905 3979 vel
928 3931 987 3977 me
1006 3910 1061 3976 tt·

784 4144 798 4182 t
