2784 4668
110 439 113 444 -
176 415 240 463 mu.
267 416 292 463 1.
320 415 367 462 nu
392 411 847 479 unumscse1ms,emsu.
875 415 930 465 111.
988 393 1054 483 145

73 524 179 617 deret,
200 554 245 600 ex
254 528 434 624 jecinoris
452 527 720 599 constitutione
740 522 846 599 facile
865 531 1054 630 intelligis.
1110 516 1112 521 ¹

73 645 131 718 Sed
146 645 244 717 illam
258 647 440 719 nimirum
449 644 636 743 praevertit
643 646 878 743 acutissimus
886 648 1056 739 morbus,

73 762 127 858 qui
139 760 330 836 hominem
349 759 688 861 repentesustulit.
709 761 781 863 Sed
800 766 1057 839 acutissimum

73 877 159 953 hunc
183 878 361 953 morbum
385 903 481 950 num
503 874 600 967 forte
621 877 811 950 invectum
831 882 1058 956 existimabiss

72 1021 141 1071 mus
151 996 198 1070 ub
212 998 286 1069 illis
298 996 452 1069 calculis
497 1020 567 1071 uos
581 996 621 1066 in
641 997 801 1069 vesicula
818 996 914 1072 fellis
928 1003 1058 1101 depre-

73 1112 290 1188 hendimus?
313 1117 399 1188 Non
426 1021 630 1187 de‘lderunt
648 1126 749 1186 certe
775 1117 841 1213 qui
863 1118 944 1212 ejus
964 1122 1059 1194 vesi·

74 1232 150 1303 culm
181 1231 346 1305 calculos
375 1228 593 1332 apoplexice
626 1245 798 1302 auctores
829 1240 1058 1331 pronuncia-

74 1363 144 1421 rent
159 1347 214 1447 (1)
229 1349 326 1439 suis,
340 1363 378 1421 et
396 1347 556 1420 aliorum
576 1347 771 1445 productis
791 1348 1061 1426 observationi-

74 1464 143 1555 bus,
155 1466 221 1565 qui
238 1491 305 1542 eos
322 1467 362 1537 in
377 1464 617 1565 apoplecticis
633 1467 811 1539 invenere
828 1495 836 1538 :
853 1495 1060 1572 earumque

75 1608 258 1657 numerum
286 1583 370 1657 aliis
390 1585 567 1682 insuper,
596 1598 633 1656 et
659 1586 796 1658 nostris
822 1612 977 1686 quoque
1004 1590 1059 1689 (α)

76 1724 192 1800 augere
206 1720 413 1801 possemus.
430 1704 589 1787 Contra,
604 1697 882 1774 Weitbrechtus
901 1703 957 1800 (3)
972 1727 1061 1776 cum

76 1818 251 1892 incudem
278 1815 415 1891 morbo
441 1817 571 1889 decem
593 1816 647 1888 ibi
671 1816 819 1915 lapillos
840 1820 1061 1919 angulosos,
1138 1806 1141 1823 ’

77 1934 231 2035 iniitque
251 1935 350 2008 duos
363 1960 442 2006 non
457 1958 593 2033 parvos
611 1931 848 2026 offendisset,
867 1964 918 2010 an
939 1945 1062 2013 istius-

78 2052 164 2124 modi
186 2054 340 2141 calculi,
368 2053 511 2151 inquit,
541 2052 761 2152 apoplexiae
793 2070 974 2129 auctores*
990 2058 1069 2131 dici

72 2174 244 2265 possunt?
262 2171 365 2244 Mihi
385 2169 534 2269 quidem
554 2184 680 2240 tantus
704 2177 742 2240 in
768 2170 839 2241 tali
860 2179 1062 2247 ratiocinio

80 2283 185 2361 hiatus
200 2289 373 2377 videtui,
391 2313 501 2386 quem
523 2287 701 2385 „schplere¹
719 2310 797 2358 non
819 2287 993 2361 audeam.
1019 2296 1065 2365 Et

80 2425 150 2478 sene
171 2406 304 2507 longa,
323 2429 394 2479 uec
420 2406 499 2477 sine
521 2403 742 2504 ambagibus
767 2404 964 2503 explicatio
995 2433 1065 2506 per

79 2540 276 2613 causarum,
291 2537 329 2596 et
348 2518 550 2594 effectuum
559 2519 806 2618 multiplicem
820 2525 954 2597 seriem
969 2540 1065 2598 esset

79 2635 110 2709 in
121 2639 304 2739 plerisque
320 2639 468 2712 casibus
482 2637 718 2711 deducenda.
738 2638 827 2740 Illos
843 2643 944 2712 enim
967 2645 1064 2714 exci·

80 2754 219 2850 pieudos
241 2757 468 2831 crediderim
495 2781 592 2854 quos
617 2756 824 2856 designavit
844 2758 941 2829 Frid.
961 2758 1066 2833 Hoff-

80 2894 222 2950 mannus
241 2877 322 2973 (d),
347 2872 435 2948 etim
459 2899 557 2973 aeger
578 2872 751 2947 videlicet
775 2875 963 2949 obnoxius
995 2874 1066 2953 fuit

80 2984 252 3065 doloribus
271 3018 321 3064 ex
337 2990 482 3064 calculo
500 2996 655 3077 vestem,
673 2996 760 3062 item
778 2991 1063 3086 eystidisfelleoe

78 3103 167 3180 itaut
179 3109 606 3210 inductisaspasmodicis
627 3109 667 3180 in
686 3110 819 3181 ¹uentre
838 3115 1065 3185 contractis»

79 3221 175 3298 nibus
204 3228 377 3326 proxima
406 3252 492 3300 msa
524 3228 839 3325 constringendO,
873 3235 1065 3330 sanguinis

78 3338 268 3443 plusquam
279 3368 431 3442 aequum
447 3341 563 3434 foret,
577 3346 617 3416 in
632 3342 891 3442 superioribus
905 3352 1064 3423 retinue·
1118 3358 1127 3378 ⁸
1161 3324 1172 3341 .

162 3662 230 3717 vid.
245 3661 322 3737 Eph.
339 3665 377 3720 N.
394 3665 427 3721 C.
444 3673 522 3719 cent.
537 3668 570 3732 4,
585 3662 649 3718 obs.
666 3662 733 3737 169.

164 3761 259 3835 Epist.
273 3762 330 3831 IV,
348 3782 378 3819 n.
396 3764 447 3833 13,
463 3774 492 3818 et
504 3766 541 3819 V.
554 3781 586 3818 n.
600 3761 632 3832 6,
648 3782 693 3837 19.

162 3861 325 3919 Commerc.
342 3862 448 3919 Litter.
462 3864 500 3919 A.
518 3863 607 3935 1734,
619 3863 715 3919 Hebd.
729 3880 763 3938 9,
777 3881 807 3917 n.
821 3879 849 3918 α.

161 3960 268 4019 Medic.
282 3965 365 4033 Reti,
379 3972 401 4019 t·
416 3967 451 4031 l,
467 3980 499 4038 P·
515 3979 547 4033 π,
562 3981 585 4021 s.
604 3981 633 4034 1,
650 3982 675 4018 c.
690 3954 717 4034 7'.
730 3958 817 4020 Thes.
830 3957 964 4033 Pathol.‚
980 3967 1005 4034 s.
1018 3981 1064 4019 ιο.

900 4083 942 4129 10
