2862 4668
183 467 567 589 LECTORI
625 468 1076 579 Stuuloso,

100 933 108 940 '
135 872 262 997 lma
275 919 407 999 emnia
415 940 506 1019 Μ
520 915 882 1015 Morgagnusedidit
894 944 1028 1019 opera,
1035 946 1139 1021 proe·

132 1030 379 1104 clarissimum
397 1056 489 1104 sane
512 1046 550 1104 et
571 1031 803 1106 utilissimum
820 1050 893 1124 est,
910 1037 1054 1136 procul
1067 1040 1139 1112 du·

108 1151 214 1254 lio,
240 1145 344 1229 itud
368 1147 475 1246 qaod
495 1154 681 1250 inscripsit
702 1175 749 1225 nn
772 1169 918 1225 sumnus
942 1178 990 1236 sc
1014 1179 1140 1231 csos1s

131 1294 343 1355 muoso!
360 1294 430 1344 m
450 1295 651 1348 ustam
671 1293 880 1353 enascens.

182 1394 294 1490 Saepe
313 1394 452 1489 sapius
476 1388 549 1460 boa
566 1412 664 1488 opus
680 1395 782 1489 typis
796 1388 1020 1462 mandatum
1033 1395 1141 1484 fuit,

134 1524 212 1581 turn
232 1509 366 1596 latine,
395 1532 472 1606 qua
499 1512 537 1577 in
557 1506 686 1603 lingua
709 1513 858 1607 scripsit
881 1522 1036 1596 auctor,
1063 1524 1141 1581 tum

134 1627 298 1725 anglt'ce,
310 1640 396 1696 ‘tunt
409 1627 623 1720 germanice
637 1612 880 1713 translatum,
900 1640 944 1697 ut
959 1623 1088 1698 videre
1104 1609 1142 1696 li·

134 1744 231 1815 cebit
250 1750 289 1814 in
297 1746 381 1816 vita
398 1744 606 1837 Morgagni
611 1744 803 1838 posterius
819 1739 891 1811 hoo
900 1746 938 1811 in
949 1741 1141 1814 uolumine
1200 1739 1204 1743 ’

131 1876 303 1933 narrata.
324 1863 506 1933 Attamen
524 1882 570 1927 ea
581 1858 682 1949 fuit,
701 1873 757 1927 est
779 1873 817 1928 et
839 1864 911 1929 erit
925 1860 1037 1957 ltujus
1056 1859 1143 1932 libri

11 2034 15 2081 ᾗ
118 1982 257 2073 sama,
275 1993 318 2049 ut
331 1976 455 2048 desint
466 1973 575 2074 apud
591 1972 819 2073 bibliopolas
826 1974 1078 2076 exemplaria,
1094 2001 1141 2049 ac

10 2194 11 2207 ἵ
130 2123 232 2172 nora
250 2092 668 2197 ubiquedesiderentur.

182 2219 317 2313 Itaque
333 2229 377 2286 ut
392 2214 634 2315 responderet
648 2219 747 2286 uotis
765 2229 842 2286 tum
861 2215 1140 2313 professorum,

134 2345 213 2433 tum
230 2329 517 2433 discipulorum,
536 2356 671 2403 nouam
683 2329 884 2402 editionem
900 2336 1061 2430 suscepit
1069 2355 1141 2430 pe·

134 2453 230 2519 ritus
247 2446 460 2549 bibliopola
475 2454 713 2536 Parisicnsis,
739 2474 854 2546 quarn
874 2473 1006 2520 curare
1018 2454 1146 2546 rogati

132 2588 271 2637 sumus.
294 2567 364 2636 Cui
380 2565 975 2674 rogationi„artispromovendoe
991 2570 1139 2662 gratia,

136 2680 291 2754 libentes
309 2689 519 2755 annuimus.

183 2799 306 2871 Nobis
333 2800 475 2871 huncce
506 2798 673 2871 laborem
703 2798 960 2896 incipientibus
994 2803 1140 2868 animus

127 2916 264 3006 ficerat
278 2922 473 2987 continuas
487 2921 651 3012 genuino
672 2919 835 2986 auctoris
860 2921 1054 2985 contextui
1069 2914 1140 2985 ad-

136 3036 351 3102 notationes
374 3032 618 3129 subjungere,·
643 3029 712 3102 sed
734 3055 783 3102 ea
801 3047 885 3130 ‘quo
913 3035 1143 3130 Morgagnus

134 3154 298 3247 scripsit,
324 3163 381 3220 tot
394 3163 432 3220 et
445 3164 570 3221 tantos
585 3173 808 3249 progressus
831 3150 988 3242 efficere
1006 3165 1143 3220 anato-

137 3270 217 3336 mia
235 3281 273 3336 et
280 3264 527 3364 physiologia
527 3265 778 3364 pathologica
787 3318 799 3353 ,
820 3280 863 3336 ut
866 3264 1144 3364 propemodum

139 3385 337 3461 innumera
355 3406 454 3455 nova
469 3381 649 3454 addenda
654 3384 841 3474 fuissent,
866 3381 1039 3480 plurima
1065 3382 1143 3453 alio

141 3495 257 3568 modo
284 3499 586 3598 interpretanda,
612 3514 682 3571 aut
708 3497 937 3598 explicanda
949 3498 1121 3597 plurima
1133 3526 1146 3586 ;

143 3611 245 3686 unde
264 3624 531 3688 commentaria
554 3641 645 3690 mox
673 3622 795 3715 operis
813 3622 926 3715 ipsius
949 3614 1146 3689 dimensio-

142 3756 229 3802 nem
245 3749 506 3832 superassent:
526 3749 570 3805 ut
584 3735 826 3832 igiturjustos
844 3739 944 3804 intra
952 3734 1058 3830 fines
1078 3759 1148 3807 nos

145 3854 420 3938 contineamus,
454 3851 605 3950 aliquot
638 3866 781 3922 tantum
814 3850 1149 3925 adnotatiunculae

138 3973 283 4066 passim
299 3968 535 4066 adjiciemus,
556 3968 611 4041 ud
622 3968 845 4041 hodiernum
858 3974 1019 4043 scientia
1031 3966 1147 4038 medi-
