2774 4666
155 544 160 549 ,
218 503 286 548 mn.
312 466 339 548 i.
368 500 414 547 un
440 498 575 546 nonnis
601 499 760 562 cimus,
786 497 972 546 tursum.
1034 498 1101 572 ¹99

90 613 255 686 me‘dieis
270 637 395 709 neque
411 611 660 710 ignorandum
674 636 772 700 esse,
782 635 906 707 neque
916 612 1105 709 negligen-

93 724 205 801 dam':
219 731 420 803 novissime
430 726 489 801 vel
500 743 656 827 paucam
672 727 883 817 interdum,
900 752 978 801 non
989 729 1104 799 modo

93 849 277 936 multam,
285 864 394 946 posse
405 871 494 935 ,nec
504 848 754 933 oneratione,
770 848 887 944 ipsam
903 845 1106 944 apoplexiae

94 980 251 1038 causam
266 988 366 1054 esse,
381 965 486 1064 quod
501 966 576 1037 suis
593 963 747 1061 quidem
764 964 856 1036 locis
873 963 1033 1039 subinde
1049 988 1107 1035 os·

95 1083 260 1155 tendere
284 1106 364 1153 non
382 1080 561 1157 omittam.
585 1083 676 1171 Quae
695 1083 821 1154 omnia
838 1084 868 1153 si
884 1081 1107 1170 attenderim

97 1201 281 1297 praeclare
297 1200 501 1298 intelliges,
519 1213 560 1269 ut
579 1201 735 1296 opinor,
749 1212 786 1270 et
802 1222 872 1270 cur
886 1198 1111 1271 divisionem

70 1302 75 1311 ’
95 1316 205 1387 illam
231 1316 433 1415 apoplexiae
449 1317 688 1403 retinuerim,
714 1330 751 1386 et
767 1340 842 1412 qua
858 1332 984 1387 mente
1001 1315 1048 1387 ad
1072 1332 1108 1388 te

98 1448 178 1520 tot,
200 1449 239 1505 et
263 1448 339 1504 tam
363 1434 483 1505 varias
507 1434 651 1504 mittam
676 1431 868 1519 historias,
884 1428 931 1504 ab
948 1432 1041 1519 illis,
1067 1446 1118 1507 ut'

101 1550 230 1638 soleo,
253 1551 361 1621 initio
381 1549 496 1621 ductu
521 1544 676 1647 quasin
693 1549 871 1621 Valsalvae
890 1549 1036 1621 schedis
1052 1552 1109 1620 in·
1169 1630 1174 1643 ἱ

101 1668 203 1737 veni.
578 1650 582 1655 i
696 1674 723 1689 ”

156 1811 188 1854 2.
218 1785 388 1856 Valerius
412 1786 546 1855 Zanius
576 1783 642 1879 qui
669 1779 798 1871 luerit,
823 1799 911 1852 cum
940 1783 1112 1874 aliunde,

103 1918 186 1973 tum
211 1914 312 1972 certe
329 1918 374 1972 cx
399 1914 538 1973 nostra.
552 1901 729 1972 Vulsalvae
747 1901 831 1982 vita,
845 1925 925 1972 non
948 1902 1109 1998 ignoras.

102 2022 217 2089 Nunc
227 2017 276 2089 de
283 2018 349 2088 illo
359 2019 429 2090 alia
439 2042 521 2116 quae
530 2018 580 2089 ad
594 2042 675 2089 rem
689 2032 911 2116 praesentem
926 2034 1110 2116 spectant,

104 2137 267 2234 accipies
283 2158 328 2207 eo
340 2135 561 2233 ,diligentius
586 2136 782 2222 adnotata,
798 2136 902 2233 quod
921 2158 1035 2235 saepe,
1059 2153 1111 2208 at-

107 2278 184 2349 que
195 2252 290 2325 adeo
299 2276 395 2350 pene
407 2252 576 2351 quotidie
591 2248 826 2351 'apudipsum
836 2250 1006 2324 Valsalva
1021 2269 1110 2325 erat.

47 2420 51 2427 -
106 2370 212 2439 Zanii
228 2384 372 2467 putrem
389 2370 605 2469 apoplexia3
618 2385 816 2467 patruum,
828 2373 1113 2471 septuagenario

107 2486 309 2582 majorem,
324 2488 452 2558 vesicae
464 2486 558 2585 lapis
572 2486 785 2559 abstulerat.
797 2491 881 2584 Ipse
889 2487 1021 2559 habitu
1033 2511 1114 2559 cor·

109 2606 214 2702 poris
236 2601 368 2689 chesn,
384 2602 568 2703 ‘carnibus
592 2604 787 2692 mollibus,
812 2601 911 2674 collo
934 2619 1063 2699 toroso
1080 2621 1116 2677 et

110 2719 240 2808 brevi,
266 2716 357 2790 lucie
384 2719 493 2792 valde
517 2721 698 2809 rubente,
722 2724 805 2792 vitae
822 2721 1056 2808 sedentariae,
1079 2736 1116 2794 et

111 2835 269 2909 assiduis
285 2836 492 2907 litterarum
519 2836 669 2923 studiis,
696 2837 878 2926 intanta,
903 2852 945 2909 ut
969 2837 1117 2910 nobiles

111 2954 180 3023 viri
190 2938 643 3049 solent,‚victusrutione,
656 2944 1116 3053 deditus,quadragesimo

111 3086 242 3142 exacto
259 3092 380 3159 anno,
398 3071 549 3143 calculis
568 3073 705 3143 tentari
728 3074 856 3170 coepit,
873 3097 969 3170 quos
992 3096 1116 3143 excer-

111 3188 246 3275 nebat,
262 3187 449 3289 simulque
475 3190 576 3261 salsae
592 3190 712 3260 salivae
728 3190 856 3288 copia,
881 3212 966 3287 quae
988 3206 1118 3288 postea

112 3305 244 3377 dentes
260 3328 392 3377 omnes
402 3307 508 3377 esuis
517 3305 670 3378 alveolis
682 3308 850 3379 excussit.
862 3311 957 3379 Cum
974 3330 1116 3380 annum

113 3437 240 3521 ageret
265 3424 534 3522 sexagesimum
559 3425 744 3520 primum,
770 3422 911 3496 defecit
929 3448 971 3496 ea
998 3426 1117 3497 salivae

115 3540 301 3628 excreti0,
318 3540 468 3613 dolores
482 3555 607 3613 autern
622 3552 757 3614 vexare
780 3542 971 3621 interdum
997 3566 1118 3640 coepe·
1216 3540 1218 3545 ’

115 3649 1119 3756 runt,ca‘putgravantes.Circaeumimtaudem,quem

116 3754 193 3845 nori
213 3775 435 3872 complevit,
452 3777 720 3874 sexageslmum
737 3777 889 3848 tertium
901 3830 910 3862 ,
921 3791 1120 3874 postquam
1200 3818 1203 3824 <

117 3892 283 3964 solemne
294 3889 448 3975 dierum
469 3893 718 3992 quadraginta
732 3894 940 3991 jejunium,
961 3892 1000 3962 id
1017 3894 1121 3990 quod

118 4013 223 4082 annis
236 4010 497 4105 superioribus
518 4011 641 4083 dubiae
663 4011 887 4084 valetudinis
909 4034 1019 4082 causa
1042 4036 1120 4082 non
