2774 4670
286 391 356 464 boo
451 416 498 461 nn
524 388 670 461 sentens
695 414 739 461 m
764 410 888 463 cansls
914 390 1123 462 uoneonun

283 527 417 603 laeserit
439 551 525 615 suo,
545 525 651 614 facit,
669 541 712 599 ut
729 527 830 597 inter
846 542 1055 624 utrumque
1074 528 1303 626 hemisphae·.

285 648 388 719 rium
414 648 540 744 ipsum
567 645 736 743 positum
771 643 902 734 fuisse,
937 648 1155 742 conjiciam,
1194 649 1295 718 sicut

282 763 330 835 ad
347 762 505 851 falcem,
521 763 789 860 proximasque
806 764 1027 861 meningum
1046 779 1191 862 partes,
1212 788 1294 834 non

283 881 330 953 ad
344 880 491 965 cerebri
505 879 750 952 substantiam
762 933 773 968 ,
785 881 1192 978 attineret,praesertim
1203 906 1295 952 cum

283 998 555 1071 observationis
570 1012 722 1085 auctor,
739 1011 782 1069 ut
801 1022 954 1068 omnem
971 1013 1164 1069 amoveret
1176 1000 1298 1096 suspi-

282 1117 431 1188 cionem
448 1116 541 1187 ossis
559 1139 580 1185 a
600 1115 775 1213 proximo
791 1111 888 1186 forte
905 1112 1081 1189 diffracto
1096 1115 1191 1185 olim
1213 1139 1297 1185 cra·

280 1235 345 1304 nio
363 1233 453 1304 illuc
466 1231 630 1330 delapsi,
646 1253 891 1328 nequaquam
912 1231 1047 1302 dixerit
1062 1232 1101 1303 id
1118 1232 1233 1330 quod
1245 1234 1300 1302 in·

281 1351 429 1422 culca're
452 1375 531 1422 non
554 1350 759 1436 omisisset,
780 1374 976 1448 nunquam
998 1347 1188 1447 praefuisse
1210 1350 1300 1421 vul·

280 1482 417 1540 neratae
453 1467 554 1539 illius
589 1465 807 1539 substantiae
841 1468 967 1564 gravia
1005 1469 1300 1564 constantiaque

282 1601 557 1683 symptomata;
579 1584 802 1656 sedtantum
817 1583 1027 1672 addiderit,
1044 1583 1190 1655 nullum
1213 1591 1300 1656 ani·

281 1702 515 1775 madversum
540 1726 620 1775 esse
638 1708 784 1805 segetum
803 1701 998 1800 quondam
1022 1701 1185 1799 disrupti
1216 1726 1302 1772 cra·

280 1826 351 1908 nii,
373 1835 443 1892 aut
460 1820 640 1891 cicatricis
656 1818 806 1890 relictae.
827 1821 918 1908 Quae
936 1818 1051 1891 verba
1070 1843 1130 1889 me
1152 1818 1301 1892 admo-

172 1929 174 1933 ¹
279 1950 444 2026 nent,ut
455 1960 652 2008 occurram
664 1935 982 2017 dubitationituae.
997 1939 1171 2026 Quaerere
1186 1939 1303 2009 enim

282 2068 411 2153 potes,
429 2079 522 2125 num
537 2056 577 2124 in
596 2078 642 2125 eo
661 2053 708 2124 de
728 2078 807 2150 quo
824 2054 990 2151 agimus,
1010 2055 1093 2124 viro
1114 2054 1304 2126 animad-

202 2237 218 2247 .
279 2195 431 2244 versum
447 2171 614 2243 calvaria
633 2168 803 2242 foramen
820 2169 946 2243 ablato
964 2171 1088 2243 indea
1106 2170 1303 2271 chirurgo

278 2303 366 2389 post
385 2290 523 2376 ictum,
550 2314 598 2359 an
624 2312 735 2363 exeso
756 2289 848 2359 olim
864 2290 938 2361 ossi
954 2288 1104 2360 credam
1123 2313 1210 2361 esse
1233 2295 1304 2363 tri-

169 2484 170 2491 ,
279 2406 477 2479 buendum
493 2407 702 2485 iNeutram
713 2428 783 2503 ego
792 2430 942 2479 causam
955 2406 1017 2478 hic
1033 2430 1142 2504 posse
1156 2431 1304 2505 agnos-

279 2548 364 2597 cere
383 2523 478 2595 mihi
501 2521 654 2612 videor,
683 2522 840 2620 quando
866 2524 1034 2613 nullam,
1059 2538 1145 2621 post
1169 2524 1303 2598 ictum

278 2641 454 2714 adhibitae
483 2640 681 2738 chirurgiae
713 2637 848 2712 factam
879 2639 992 2715 fuisse
1027 2642 1302 2735 mentionem,

280 2761 379 2847 scio,
407 2759 634 2854 nullumque
653 2758 836 2831 cicatricis
861 2773 927 2830 aut
951 2781 1083 2856 supra,
1106 2773 1174 2830 aut
1191 2760 1301 2833 infra

279 2875 449 2955 foramen
460 2875 659 2972 vestigium
674 2877 873 2972 conspexi,
891 2899 1016 2971 neque
1029 2875 1151 2946 ullum
1162 2880 1299 2968 carici,

279 3019 362 3091 quae
382 2993 552 3065 cranium
574 2988 775 3081 affecisset,
794 2991 999 3080 indicium;
1020 3007 1064 3064 ut
1079 3017 1160 3062 non
1180 3018 1298 3068 secus

277 3109 598 3206 acLancisius(1)
619 3107 764 3181 deuon
786 3108 957 3181 dissimili
981 3108 1116 3181 eodem
1139 3111 1179 3179 in
1206 3136 1297 3184 osse

278 3229 349 3298 viri
368 3227 592 3325 apoplectici
609 3240 760 3325 reperto
779 3223 983 3313 foramine,
1003 3225 1197 3297 interdum
1221 3253 1296 3326 po·

277 3345 352 3416 tius
376 3344 638 3442 cogitaverim,
655 3344 696 3414 in
714 3344 936 3417 tenuissimo
954 3342 1126 3440 alioquin
1156 3348 1293 3417 uranio

276 3457 535 3559 imperfectam
555 3460 677 3549 iilam,
695 3486 820 3558 neque
847 3454 929 3534 osse
948 3461 1140 3558 expletam
1168 3467 1292 3560 parti-

276 3578 436 3652 culama
459 3577 677 3674 primordiis
702 3578 870 3649 relictam
893 3601 983 3649 esse.
1011 3581 1292 3675 Verumtamen

311 3932 356 4012 (1)
376 3934 529 3994 DeSubit.
547 3933 671 3990 Mortib.
688 3934 752 3991 obs.
771 3955 783 3991 1
798 3946 942 3991 mortuor.
