2798 4668
323 427 394 500 602
488 449 534 495 uu
559 445 706 495 sumnus
732 447 776 493 m
801 445 926 494 musis
951 445 1158 495 uouuonuu

323 589 403 635 rem
418 585 556 633 nervos
580 561 765 659 plurimos
787 559 888 632 idem
906 574 1040 634 auctor
1060 559 1114 656 (1)
1131 557 1300 631 tendentes

322 681 452 752 vidite
472 680 597 777 spina,
618 678 862 775 indidemque
877 702 963 748 vasa
977 674 1186 774 sanguifera
1207 700 1301 747 emer·
1366 692 1367 761 ζ

324 798 450 896 gentia
462 795 595 868 eodem
606 795 815 894 appellere,
827 810 869 867 ut
882 796 1011 867 subtus
1027 795 1238 868 membrana
1247 799 1302 891 spi
1366 826 1367 879 5

257 942 261 949 ’
321 913 447 985 nalem
464 912 668 984 medullam
693 911 790 984 altas
809 912 995 985 involvens
1022 924 1222 1009 appareret
1243 915 1303 978 ina·
1366 962 1367 989 i

324 1037 401 1119 nm,
417 1028 516 1102 adeo
533 1030 647 1102 utvel
657 1036 777 1101 omnis
790 1028 1122 1127 medullaspinalis
1138 1029 1303 1099 haemon
1366 1016 1367 1069 3

324 1150 464 1236 betam,
482 1154 520 1218 in
537 1146 677 1219 dietum
694 1162 874 1218 tumorem
894 1152 1087 1224 terminari
1098 1151 1183 1217 uisa
1187 1146 1304 1236 fueriti

325 1289 412 1336 eave
436 1279 545 1362 putes
571 1265 610 1334 in
634 1278 690 1337 tut
712 1261 964 1336 nerviformes
982 1278 1110 1361 partes
1128 1259 1304 1333 medullam

324 1407 428 1478 aquae
444 1383 481 1451 vi
504 1380 616 1453 fuisse
633 1380 801 1453 divisam.
820 1387 907 1453 Erat
932 1382 1034 1453 enim
1061 1380 1125 1451 hic
1141 1396 1258 1451 tumor
1276 1381 1305 1444 in

323 1499 435 1571 dorso
452 1524 568 1596 supra
587 1523 628 1569 os
646 1523 794 1569 sacrum
803 1553 815 1586 ,
834 1497 908 1569 hoc
923 1512 978 1570 est
990 1498 1030 1568 in
1044 1496 1208 1568 lumbari
1216 1494 1306 1592 spine

324 1630 458 1704 tractu,
475 1616 513 1685 in
533 1641 610 1713 quo
628 1614 834 1687 medullam
845 1617 925 1716 ipsu
945 1630 1078 1686 natura
1097 1615 1140 1684 iu
1155 1612 1305 1709 equinam

325 1732 502 1818 caudam,
525 1731 564 1803 id
584 1735 699 1804 estin
720 1747 777 1804 tot
794 1757 931 1804 nervos
955 1731 1098 1819 divisit,
1129 1749 1305 1828 quoscum

324 1848 544 1948 sunguiferis
560 1850 656 1921 vasis
671 1849 760 1920 illuc
778 1848 846 1920 ubi
862 1852 990 1921 minor
1009 1849 1219 1920 resistentia
1228 1857 1306 1929 emt,

324 1967 371 2038 ab
388 1976 486 2064 equa
505 1968 545 2037 iu
564 1982 753 2038 tumorem
778 1962 889 2039 fuisse
908 1966 1147 2064 compulsos,
1171 1988 1244 2034 nun
1266 1972 1306 2030 est

324 2085 549 2155 mirandum.
565 2084 707 2155 Eodem
716 2086 755 2154 in
766 2099 889 2156 tractu
904 2099 1011 2156 erant
1022 2099 1194 2154 tumores
1207 2106 1226 2151 a
1237 2075 1305 2149 Tul-

323 2203 387 2300 pio
406 2201 477 2299 (α),
502 2202 716 2272 aLeeheliu
731 2202 806 2298 (3),
825 2203 873 2274 ab
894 2204 1032 2300 Alpino
1062 2201 1119 2297 (4)
1140 2195 1304 2293 descripti.

322 2324 453 2417 Itaque
470 2320 614 2417 primus
628 2318 721 2389 vidit
737 2320 777 2388 in
792 2320 913 2392 tribus
932 2319 1005 2390 illis
1023 2316 1229 2390 infantibus
1243 2337 1305 2383 ner·

325 2461 386 2510 vos
399 2424 556 2536 spatulis
571 2434 745 2508 medulla
758 2460 832 2532 per
843 2449 1025 2506 tumorem
1031 2441 1181 2534 passim
1190 2432 1306 2529 disper·

322 2579 384 2626 sos
399 2607 522 2624 ......
546 2567 730 2650 extraque
747 2553 909 2623 orbitam
926 2577 1035 2622 suam
1048 2550 1217 2621 delatos:
1233 2547 1306 2617 alter

324 2686 455 2771 aperto
472 2686 638 2759 tumore,
652 2668 751 2741 m'hil
759 2669 916 2767 spinalis
933 2668 1110 2740 medulla·
1122 2661 1307 2766 reperit‚sl·

324 2789 487 2860 lamenta
503 2787 682 2885 quaedam
707 2785 797 2859 alba
812 2802 852 2856 et
863 2791 1078 2857 tenuissima
1095 2792 1132 2855 si
1146 2787 1304 2881 excipias,

325 2931 406 3003 quae
420 2904 695 3003 raderapotius
708 2906 954 2991 membrana,
971 2907 1190 2975 investientis
1204 2905 1303 2998 sputa·

326 3021 396 3094 lem
407 3019 628 3109 medullam,
637 3046 751 3118 quam
757 3044 971 3109 nervorum,
983 3021 1062 3117 ipse
1075 3019 1228 3116 quidem
1236 3015 1304 3087 exie

323 3140 484 3211 timavit:
504 3140 636 3211 tertius
653 3136 816 3235 denique
840 3143 959 3234 ipsam
985 3135 1190 3207 medullam
1207 3137 1303 3231 spina·

327 3256 414 3345 lem,
425 3280 474 3326 ex
488 3261 646 3328 cavitate
654 3253 829 3326 secandae
844 3252 969 3324 adhuc
979 3258 1135 3348 integrae
1150 3249 1302 3324 vertebra

326 3372 504 3443 lumbaris
504 3372 777 3470 prodeuntem,
791 3377 967 3444 insertam
976 3376 1186 3467 conspexit,
1198 3362 1301 3438 saltem

326 3487 456 3584 quoad
467 3490 627 3560 alteram
645 3487 878 3558 medietatem
893 3512 1020 3576 suam,
1035 3486 1159 3557 medio
1177 3481 1300 3557 tumoris

326 3610 467 3676 vertici.
485 3607 576 3694 Quae
593 3604 746 3702 quidem
760 3603 925 3675 medulla
938 3627 1024 3676 cum
1037 3601 1238 3675 secundum
1252 3616 1298 3664 m·

333 3765 1304 3805 ——ss———m———d

367 3888 411 3965 (1)
436 3907 470 3945 ια
483 3890 516 3945 in
527 3889 629 3945 Addit.
643 3888 682 3943 ad
695 3890 772 3945 Seet.
784 3883 862 3943 hunc
875 3887 1030 3961 Sepulchr.
1049 3856 1098 3943 1d.

368 3988 411 4068 (a)
429 3987 472 4066 (3)
486 3987 530 4066 (4)
544 3987 618 4047 obs.
637 3987 687 4047 cit·
701 3983 759 4046 huc
774 4008 803 4045 n.
818 4006 838 4063 9
851 3997 881 4044 et
896 4004 942 4045 ιο.
