2862 4668
308 445 365 532 ,[,8
664 445 985 521 nursino.

319 602 451 643 narrare.
464 584 514 642 Sic
530 583 609 642 eu'un
621 603 726 643 revera
738 587 826 643 nimis
839 588 934 664 longae
941 587 1020 647 finnt
1030 583 1176 660 historiae3
1190 608 1254 646 non
1261 600 1330 649 cum

271 742 274 753 ,
320 685 423 741 omnia
442 704 508 758 quae
521 686 560 741 ad
575 702 749 762 praegressas
775 687 873 744 morbi
884 706 1011 759 -cansas3
1030 698 1059 745 et
1076 689 1115 745 ad
1130 698 1329 764 symptomata

321 784 333 861 (
345 804 411 860 quae
421 785 537 841 utinam
549 784 642 841 amhae
655 805 701 842 res
717 797 829 843 cunctae
841 806 957 861 semper
968 798 1047 843 notae
1060 806 1122 844 esse
1138 788 1330 865 potuissent)

322 885 426 943 autad
441 885 572 959 partium
587 885 720 943 laesiones
736 885 865 958 attinent
880 886 913 942 in
929 887 1071 946 cadavere
1088 887 1328 959 animadversas,

321 996 458 1041 accurate
476 985 696 1041 describuntur.
715 986 797 1055 Quin
815 986 904 1042 etiam
920 1005 996 1060 saepe
1013 1004 1107 1043 causae
1123 997 1208 1058 sunt,
1226 1006 1282 1043 cur
1297 988 1330 1043 in

318 1083 453 1158 utrisque
464 1103 526 1140 non
537 1085 628 1140 modo
642 1104 708 1159 quae
725 1085 852 1156 luerint3
871 1086 923 1142 sed
942 1097 972 1142 et
988 1087 1134 1142 nonnulla
1144 1104 1211 1161 quae
1221 1086 1328 1143 defue-

317 1182 399 1255 rint,
412 1183 539 1253 diserte,
556 1195 592 1251 ut¹
603 1184 678 1254 feci,
692 1184 752 1240 sint
766 1185 946 1241 adnotanda.

362 1304 407 1360 13.
425 1304 507 1375 Quid
517 1322 589 1360 vero
606 1305 703 1361 dicam
718 1304 755 1360 (le
768 1299 948 1361 scholiorum
955 1305 1148 1381 prolixitate?
1160 1305 1230 1362 Non
1243 1306 1327 1379 equi·

301 1406 386 1462 »dem
396 1405 587 1481 ignorabam,
602 1416 632 1460 et
642 1406 741 1462 minus
758 1416 871 1482 gratam
887 1423 949 1462 esse
963 1406 1135 1482 plerisque,
1155 1417 1184 1462 et
1201 1404 1325 1480 quibus-

317 1508 386 1564 dam
411 1504 511 1562 minus
539 1507 717 1580 probatam3
749 1522 921 1580 quanquam
948 1508 1109 1581 Peyernm,
1137 1505 1189 1581 qui
1215 1516 1251 1561 ex
1277 1505 1324 1561 his

319 1617 363 1663 est
379 1603 438 1684 (1),
454 1605 588 1663 historia
606 1625 666 1663 suae
685 1604 729 1683 (a)
749 1601 894 1662 scholium
914 1606 1084 1678 adjunxisse
1101 1606 1190 1663 rideo
1203 1617 1325 1681 septem

315 1705 433 1783 paginis
447 1723 537 1781 quam
549 1707 613 1780 ipsa
618 1734 635 1778 ,·
645 1707 773 1782 lougius.
786 1707 846 1764 Sed
855 1706 986 1782 primum
1002 1707 1087 1780 dico,
1100 1725 1162 1762 non
1174 1706 1324 1783 quidquid

313 1808 347 1863 in
360 1805 406 1862 his
423 1806 495 1862 meis
513 1806 597 1863 libris
613 1818 720 1881 praeter
737 1807 876 1862 historias
895 1819 958 1877 est,
975 1808 1088 1865 scholia
1111 1826 1182 1864 esse.
1204 1807 1319 1863 Deinde

318 1906 383 1976 aio,
401 1905 426 1961 si
442 1905 611 1980 praestanda
626 1906 659 1961 in
670 1905 743 1960 meis
751 1905 869 1962 fuerant
887 1926 952 1981 quae
968 1907 1000 1963 in
1012 1907 1112 1963 multis
1128 1906 1192 1963 dixi
1206 1904 1252 1982 (3)
1265 1905 1321 1962 Se-

314 2001 463 2081 pulchreti
481 2002 600 2062 scholiis
615 2004 792 2075 desiderari,
809 2022 857 2062 rue
873 2005 995 2063 brevem
1014 2026 1076 2063 esse
1097 2025 1160 2063 non
1175 2006 1318 2081 potuisse.

314 2104 419 2176 Quid?
446 2105 528 2180 quod
545 2115 630 2160 erant
647 2104 725 2161 certe
745 2106 832 2162 simul
858 2106 1082 2164 ohservationes
1098 2104 1318 2181 propemodum

314 2208 492 2291 innumerae,
507 2224 572 2280 quae
584 2206 629 2260 illi
644 2206 841 2279 adderentur,
854 2207 1036 2281 indicandae,
1049 2208 1136 2264 simul
1149 2207 1224 2283 quid
1234 2206 1268 2262 in
1281 2205 1319 2263 iis

313 2322 349 2362 ex
369 2304 478 2378 quihus
493 2304 556 2378 jam
576 2306 747 2377 constabat,
771 2307 943 2384 seligendis,
969 2307 1190 2377 describendis,
1210 2307 1317 2380 dispo-

313 2404 432 2477 nendis,
451 2405 655 2482 designandis,
668 2417 721 2462 aut
736 2406 777 2462 ob
789 2418 890 2463 rerum
906 2407 1040 2482 copiam,
1060 2419 1111 2464 aut
1126 2418 1252 2483 propter
1267 2407 1319 2462 in-

313 2507 426 2564 curiam
448 2506 704 2583 typographorum
722 2518 877 2581 peccatum
895 2508 992 2563 fixerat
1017 2526 1240 2582 saepenumero,
1268 2526 1319 2564 os·
1360 2554 1363 2561 ,

311 2606 503 2664 tendendum.
524 2606 580 2662 Hic
598 2625 710 2681 quaeres
726 2584 875 2677 fortassis,
892 2625 930 2663 an
951 2628 1015 2664 non
1031 2606 1167 2681 saepicule
1180 2625 1317 2681 peccasse

310 2724 359 2765 me
375 2724 509 2791 quoque,
530 2708 662 2776 credam,
685 2727 747 2762 non
763 2707 826 2780 jam
846 2707 914 2763 dieo
935 2707 968 2761 in
985 2725 1159 2782 operarum,
1171 2726 1190 2762 a
1204 2707 1316 2782 quibus

309 2807 452 2863 nimirum
469 2809 557 2883 longe
575 2807 715 2875 aberam,
729 2802 1013 2863 hallucinationibus
1027 2803 1223 2881 prohibendis
1236 2827 1246 2878 3
1265 2807 1317 2864 sed

308 2908 342 2962 in
353 2925 389 2964 eo
401 2908 467 2983 ipso
484 2907 552 2963 dico
567 2906 649 2982 quod
659 2907 823 2982 praesertim
834 2906 892 2963 illis
905 2906 938 2961 in
955 2902 1074 2963 scholiis
1087 2906 1185 2962 minus
1199 2907 1317 2980 proba-

307 3008 378 3064 bam
390 3050 399 3078 ,
413 3008 446 3065 ln
460 3007 663 3064 doctrinarum
672 3006 826 3077 videlicet,
843 3025 877 3065 ac
890 3008 1102 3063 sententiarum
1116 3008 1246 3077 delectu,
1260 3025 1316 3081 per

308 3124 382 3182 quas
403 3106 579 3181 explicarem
599 3082 836 3177 obserbationes‚
859 3105 1042 3178 faciliorum,
1059 3104 1315 3181 probabiliorum,

307 3206 401 3281 magis
414 3206 633 3276 communium,
650 3226 702 3263 seu
719 3224 792 3281 quas
806 3203 941 3282 plerique
955 3207 987 3262 in
1000 3207 1126 3264 dubium
1142 3226 1205 3262 non
1223 3226 1316 3264 revo-

308 3307 444 3363 cassent?
456 3308 520 3382 Ego
530 3324 602 3371 vero
616 3306 641 3364 is
654 3326 720 3364 sum
731 3305 784 3380 qul
799 3305 903 3379 siquis
915 3308 1006 3375 alius,
1021 3292 1096 3363 nihil
1107 3303 1230 3362 humani
1239 3307 1313 3363 'ame

307 3407 437 3463 alienum
452 3418 683 3482 putem,'neque
697 3405 729 3462 in
745 3423 779 3461 ea
796 3424 828 3461 re
843 3405 945 3475 modo,
961 3406 1062 3462 sedin
1082 3406 1148 3463 aliis
1160 3406 1259 3462 etiam.
1275 3409 1314 3463 In

308 3525 344 3564 ea
356 3525 389 3565 re
400 3517 499 3564 tamen
505 3526 619 3565 memor
630 3507 668 3563 ad
679 3518 768 3582 quem
779 3504 938 3562 scriberem
944 3545 954 3577 ,
972 3505 1042 3562 dedi
1055 3520 1177 3581 operam
1188 3539 1197 3578 ,
1213 3520 1313 3580 quan-

342 3847 383 3917 (1)
403 3846 489 3899 Meth.
506 3846 553 3899 cit.
574 3862 597 3898 c.
613 3842 669 3897 hin
682 3843 730 3898 fin.

341 3938 382 4008 (a)
400 3936 472 3991 lbid·
490 3955 515 3989 c.
537 3937 567 3989 b.

340 4028 380 4099 (ἃ)
400 4028 506 4098 Supra,
520 4044 549 4079 n.
563 4042 590 4096 7.
