2862 4668
265 457 289 545 4
570 472 811 529 maronia
847 471 965 530 vtrrt

263 589 491 664 Anatomicae
508 593 729 682 maximam,
754 590 795 662 in
822 593 902 665 aliis
931 610 1088 693 quoque
1105 592 1272 668 scientiis

264 709 314 780 ita
333 706 493 807 profecit
517 723 559 779 ut
584 708 777 782 videretur
803 712 931 784 omnia
956 713 1138 812 consequi
1161 737 1273 811 posse

264 826 376 897 simul
390 850 433 897 ae
446 824 542 897 velle
556 827 739 924 coepisset.
757 830 874 900 Tanta
889 844 1013 903 autem
1030 844 1109 901 erat
1121 829 1272 929 elegan-

261 944 313 1015 tia
330 944 515 1016 sermouis
537 943 645 1014 latini
660 969 765 1042 aeque
789 945 1009 1042 aejetrusci,
1028 961 1071 1019 ut
1095 970 1182 1018 cum
1199 946 1273 1018 ele·

262 1062 480 1159 gantissimo
500 1086 656 1160 quoque
685 1063 870 1162 scriptore
897 1078 1025 1164 posset
1046 1063 1269 1164 comparari.

261 1180 427 1252 Noverat
445 1193 482 1251 et
499 1202 635 1277 graecas
652 1177 812 1269 litteras,
834 1182 1007 1279 attigerat
1024 1197 1060 1254 et
1076 1182 1287 1285 poeticen,

262 1299 444 1393 quoniam
454 1295 556 1368 illius
565 1293 778 1368 dulcedinis
795 1314 928 1396 expers
939 1320 1019 1371 esse
1029 1299 1167 1388 noluit;
1178 1324 1272 1397 prae-

263 1413 363 1484 clare
373 1412 525 1484 tenebat
535 1413 751 1482 Botanicam
763 1416 1125 1505 etGeometriam,in
1136 1416 1273 1512 quibus

261 1553 341 1600 non
358 1552 493 1627 parum
512 1527 560 1600 ad
578 1551 643 1599 sua
660 1527 784 1600 studia
793 1529 958 1627 praesidii
969 1555 1049 1604 esse
1062 1546 1271 1630 putaverat,

262 1648 313 1720 ob
345 1644 594 1743 eamdemque
624 1668 773 1715 causam
800 1649 965 1742 opticam
993 1646 1271 1738 addidiscerat,

262 1757 1287 1861 Hydraulicam,Mechanicam,necnoninAstronomia'

264 1905 302 1951 se
320 1889 548 1951 exercuerat.
568 1877 696 1965 Quum
714 1874 831 1972 igitur
845 1874 1005 1948 haberet
1023 1875 1146 1948 studia
1169 1902 1276 1949 cum-

262 1996 504 2066 maniacum
529 1991 657 2065 multis
685 1990 864 2082 eruditis,
895 2006 1067 2090 essetque
1095 1994 1275 2092 singulari

261 2112 449 2197 bonitate,
467 2108 637 2182 moribus
649 2109 762 2208 plane
774 2109 1001 2182 suavissimis
1014 2108 1107 2182 etad
1120 2135 1273 2183 omnem

263 2230 448 2300 rationem
466 2225 709 2298 humanitatis
724 2225 1142 2317 accommodatissimis,
1160 2229 1211 2299 ita
1225 2230 1274 2299 vi·

263 2341 375 2418 vebat¹
390 2345 589 2434 Bononiae,
607 2357 649 2415 ut
665 2343 849 2437 universis
864 2343 1008 2416 civibus
1026 2346 1162 2417 merito
1175 2361 1274 2419 esset

266 2463 477 2535 carissimus
495 2474 532 2532 et
549 2459 847 2560 probatissimus.
871 2460 1058 2533 Utebatur
1074 2487 1165 2534 vero
1185 2464 1276 2535 inti-

266 2575 1278 2668 meManfrediisfratribus,tacohoBartholomaeouec-

267 2700 390 2789 cari0,
420 2712 456 2769 et
483 2701 627 2769 loanne
649 2697 816 2769 Antonio
840 2699 1058 2788 Stancario,
1085 2698 1276 2797 hujusque

264 2815 379 2889 fratre
404 2812 591 2904 Victorio,
620 2839 706 2908 cum
734 2812 873 2912 quibus
900 2813 1052 2888 duobus
1078 2817 1278 2915 postremis

266 2935 339 3032 ipsi
356 2931 594 3005 necessitudo
614 2955 765 3028 quoque
780 2947 859 3002 erat
873 2931 1124 3004 contubernii.
1139 2937 1213 3005 Has
1223 2932 1274 3005 ob

269 3073 397 3127 causas
420 3050 632 3148 praecipuus
652 3050 687 3118 ei
709 3047 834 3121 honos
858 3048 1029 3139 habitus,
1049 3064 1196 3121 creatus
1223 3065 1278 3123 est

270 3168 395 3255 enim,
428 3189 514 3237 cum
541 3165 718 3238 nondum
746 3166 970 3264 complesset
999 3165 1209 3239 secundum
1240 3183 1278 3241 et

268 3286 490 3356 vicesimum
521 3284 637 3355 aetatis
662 3307 832 3373 annum,
864 3284 1042 3383 princeps
1069 3282 1287 3367 Academia,

268 3401 547 3498 Inquietorum,
568 3401 608 3470 in
628 3424 743 3497 quam
766 3398 887 3489 fuerat
905 3402 1169 3499 quinquennio
1190 3417 1277 3474 ante
1382 3488 1388 3500 ι

270 3532 479 3617 cooptatus.
499 3520 583 3608 Qua
599 3518 639 3587 in
658 3516 839 3616 dignitate
857 3518 1051 3618 praeclaras
1075 3545 1136 3592 res
1153 3520 1275 3618 gessit.

268 3641 363 3708 Nam
382 3636 566 3734 persuasit
585 3634 816 3708 Academicis
842 3652 902 3726 ut,
934 3637 1074 3708 relictis
1103 3636 1279 3708 inanibus

269 3752 604 3851 disputationibus,
622 3779 758 3824 novam
777 3754 985 3852 utilemque
1003 3753 1278 3851 amplecteren-

269 3889 332 3946 tur
355 3869 653 3969 philosophandi
679 3873 883 3961 rationem,
907 3873 1092 3967 novisque
1116 3868 1280 3943 conditis

274 4004 311 4065 et
326 3988 532 4092 propositis
551 3987 718 4093 legibus,
738 3987 806 4064 has
830 4005 873 4060 ut
896 4011 1027 4061 omues
1051 3986 1278 4086 probarent,
