2774 4666
290 455 358 527 232
453 480 500 525 nn
526 468 671 526 stomus
695 480 738 528 er
764 480 887 528 closis
912 476 1122 529 1111111111

243 586 246 593 “
290 607 327 664 et
345 612 432 664 sane
450 594 586 690 passim
604 593 814 691 sangnifera
827 582 978 677 vascula
994 619 1063 693 per
1079 620 1162 668 eam
1178 620 1292 694 appa

290 709 445 798 rebant;
469 711 540 782 nisi
566 725 602 781 et
619 710 697 782 haec
712 712 841 809 plura,
858 726 894 783 et
921 713 1023 783 illam
1052 715 1236 810 majorem
1254 716 1291 783 in

287 828 368 898 aliis
383 827 575 915 vidissem,
588 828 748 899 candida
759 844 886 900 tamen
904 854 947 900 ea
959 830 1134 902 medulla.
1151 835 1195 921 Isn
1211 855 1294 902 ven-

286 946 432 1016 triculis
446 971 543 1042 aqua
559 972 638 1018 non
653 966 794 1044 panca,
814 947 931 1018 multa
953 949 1075 1019 etiam
1081 949 1120 1018 in
1138 950 1294 1019 cervica-

288 1061 381 1132 lium
398 1063 656 1135 vertebrarum
672 1063 766 1137 tubo
783 1089 801 1134 1
820 1090 881 1136 me
894 1080 949 1135 est
963 1064 1232 1136 animadversa.
1250 1069 1292 1134 ln

287 1178 474 1252 cerebello
489 1182 585 1252 nihil
602 1184 775 1280 apparuit
793 1184 892 1268 vitii,
918 1196 961 1252 ut
982 1204 1107 1279 neque
1135 1183 1176 1252 in
1193 1204 1291 1252 cere·

285 1295 372 1385 bro,
386 1313 450 1370 aut
464 1302 562 1369 circa
575 1300 774 1372 cerebrum
792 1298 998 1396 quidquam
1015 1298 1120 1395 quod
1134 1298 1294 1396 peculia·

284 1416 378 1487 riter
392 1416 438 1486 a‘d
456 1416 725 1488 hemicraniam
748 1416 943 1504 attineret3
964 1442 1047 1513 quae
1060 1414 1217 1495 fortasse
1237 1442 1291 1487 ex·

285 1535 403 1604 terior
415 1529 556 1619 fuerat,
571 1558 648 1629 qua
663 1533 753 1603 olim
770 1533 985 1604 vexabatur.

331 1655 379 1720 'ln
394 1648 659 1748 pulmonibus,
676 1665 829 1746 excepta
852 1652 1043 1747 sanguinis
1073 1653 1183 1748 copia
1199 1650 1290 1722 nihil

286 1765 355 1837 fuit
372 1767 475 1863 quod
490 1767 767 1837 adnotaremus.
798 1772 843 1837 In
872 1767 1159 1864 pericardioynil
1178 1766 1289 1840 ferme

283 1884 468 1955 humoris.
485 1888 530 1953 In
557 1883 681 1956 cordis
703 1884 916 1955 ventriculo
935 1884 1088 1956 dextero
1110 1886 1289 1984 polyposa

286 2002 498 2087 concreti0‚
531 2001 780 2098 tricuspidum
810 2000 1044 2073 valvularum
1072 2000 1222 2075 fibrillis
1249 2028 1289 2075 ex

286 2134 392 2217 parte
407 2118 604 2215 implicita,
629 2134 705 2190 tres
719 2134 785 2189 aut
808 2132 974 2215 quatuor
994 2120 1131 2216 digitos
1158 2121 1288 2217 longa,
1371 2142 1372 2179 1

286 2236 571 2334 sesquidigitum
588 2236 678 2324 lata,
695 2251 880 2328 structura
895 2236 1003 2309 valde
1019 2253 1216 2336 compacta
1229 2264 1239 2327 ;
1251 2252 1289 2308 ut
1371 2228 1372 2313 l

285 2357 351 2451 qui
367 2354 527 2452 polypos
544 2352 650 2425 facile
668 2370 839 2451 ponunt,
855 2354 954 2427 hanc
967 2379 1037 2453 pro
1051 2356 1196 2454 polypo
1208 2370 1288 2427 ante

283 2488 444 2542 mortem
464 2474 590 2569 genito
608 2471 747 2542 habere
774 2474 993 2570 potuissent.
1014 2476 1108 2544 Cum
1138 2497 1183 2543 ea
1210 2497 1287 2545 san·
1370 2468 1371 2477 ’

285 2592 367 2686 guis
379 2604 459 2661 ater
476 2593 788 2677 semiconcretus,
803 2590 924 2687 qualis
936 2604 972 2661 et
987 2591 1026 2660 in
1044 2591 1217 2688 proxima
1232 2614 1287 2661 au·

283 2708 411 2778 ricula.
432 2712 476 2777 ln
492 2707 704 2778 ventriculo
725 2708 876 2778 sinistro
891 2709 1040 2804 sanguis
1058 2709 1186 2780 minus
1207 2731 1285 2779 coa·

283 2820 449 2924 gulatus,
465 2826 709 2922 pauciorque.
727 2826 816 2919 Ejus
827 2824 1012 2895 columnae
1028 2827 1136 2922 quasi
1149 2825 1287 2897 inflam-

283 2958 406 3032 matae,
430 2944 675 3015 semilunares
701 2942 860 3039 valvulael
874 2943 1122 3039 paulo'quam
1139 2966 1284 3042 aequum

185 3140 190 3157 .
284 3076 398 3147 esset,
412 3060 594 3131 duriores.
612 3060 763 3130 Arteriae
783 3084 925 3157 magnae
948 3074 1106 3130 truncus
1124 3084 1156 3130 ι1
1176 3059 1284 3131 corde
1369 3066 1370 3085 ¹

285 3177 437 3248 adeum
455 3203 576 3274 usque
597 3178 723 3247 locum
750 3176 852 3247 unde
880 3178 1013 3274 incipit
1041 3177 1284 3261 descendere,

285 3296 447 3366 exterius
462 3294 616 3390 quidem
634 3293 725 3364 facie
740 3293 914 3390 inaequali
928 3319 1008 3365 non
1025 3318 1131 3366 secus
1147 3319 1191 3364 11
1207 3294 1283 3366 siin

285 3411 462 3483 tuberum
480 3411 636 3483 modum
654 3411 918 3509 quadantenus
941 3411 1003 3481 hic
1020 3412 1095 3481 illic
1121 3434 1284 3507 assurge·
1368 3400 1369 3437 ³

283 3544 365 3600 ret:
384 3528 448 3600 sed
464 3531 621 3600 interius
637 3543 717 3599 toto
739 3554 785 3600 eo
802 3528 924 3626 spatio
941 3528 1055 3616 nihil,
1069 3529 1141 3599 nisi
1159 3548 1282 3627 super·

283 3644 387 3718 ficies
402 3672 559 3745 rugosa,
574 3649 634 3716 vix
646 3645 799 3717 duobus
812 3647 904 3718 locis
916 3700 926 3733 ‚
940 3648 1060 3743 iisque
1077 3647 1220 3744 exiguis
1235 3648 1282 3715 in·
1367 3714 1368 3721 ,

200 3834 204 3839 ,
285 3765 379 3837 dicia
397 3767 559 3836 necdum
578 3780 731 3835 maturae
754 3761 1037 3851 ossificationis3
1065 3779 1197 3865 caetera
1221 3784 1282 3861 per
1367 3750 1368 3809 l

285 3881 460 3969 dorsum,
476 3897 513 3954 et
525 3883 566 3952 in
581 3882 727 3953 cunctis
740 3881 1030 3957 ascendentibus
1042 3881 1157 3953 ramis
1180 3894 1281 3951 natu·

284 3999 354 4070 rali
369 3996 576 4095 superficie.
593 4003 735 4071 Venter
749 3997 845 4069 nihil
870 3997 1002 4072 habuit
1024 3996 1130 4095 quod
1154 3998 1279 4069 vitium
