2780 4666
205 459 273 507 nm.
289 460 327 504 ⁴1.
354 457 401 504 nn
426 456 563 504 uonms
586 454 746 518 cimus,
771 452 882 502 smsr.
909 455 944 500 v.
985 428 1073 528 '297

71 589 199 671 neque
217 572 295 643 ulla
320 569 402 647 fuir
416 584 496 642 toto
521 593 682 668 corpore
705 592 819 655 vena,
844 567 1074 666 ubicumque

70 691 323 788 inspeximus,
352 712 433 785 quae
452 689 590 784 nigro,
613 709 869 784 spumosoque
893 686 1075 783 sanguine

71 806 234 879 distenta
250 831 329 877 non
343 820 447 877 esset.
469 805 581 900 Cujus
597 819 634 875 et
651 805 690 875 in
707 827 845 900 magna
864 803 1019 889 arteria,
1037 817 1077 874 ec

70 925 110 993 in
121 922 353 995 carotidibus
363 976 373 1011 ‚
383 946 452 1020 per
466 922 606 992 collum
619 918 923 1007 ascendentibus,
935 919 1075 1016 pauxil-

70 1040 152 1111 lum
168 1038 249 1110 fuit.
269 1043 439 1111 Truncus
457 1054 579 1110 autem
593 1039 825 1135 pulmonaris
841 1038 981 1109 arteriae
994 1061 1073 1106 non

72 1183 116 1231 eo
134 1171 281 1228 tantum
291 1211 300 1246 ,
312 1156 387 1228 sed
401 1181 485 1227 aere
499 1180 652 1253 quoque
670 1154 776 1226 valde
787 1155 969 1252 turgebat.
985 1154 1073 1223 Sani

70 1258 291 1372 pulmones,
305 1274 626 1370 quamvisasperae
639 1273 780 1344 arteriae
792 1273 1010 1343 interiorem
1023 1267 1074 1340 fa-

71 1391 165 1461 ciem
177 1388 299 1463 foedus
312 1388 453 1460 humor
463 1386 672 1476 inficiebat,
687 1413 731 1458 ex
742 1388 891 1459 cinereo
904 1388 1071 1459 colorem

70 1504 1072 1601 tabaccireferens.EademarteriaincollO,sedlarynx

70 1624 202 1721 magis,
211 1623 394 1695 eratintus
406 1625 564 1721 exnigro
574 1622 699 1712 livida,
708 1638 743 1694 et
757 1623 1078 1720 gangraenosazsic·

70 1756 105 1812 et
122 1743 270 1811 vicinia.
291 1745 389 1811 Dum
407 1740 486 1812 haec
512 1740 819 1838 inspiciebamus,
838 1764 909 1838 pus
934 1754 1069 1828 tenue,

69 1880 137 1927 ceu
157 1883 204 1929 ex
220 1873 333 1955 rupto
348 1858 544 1946 abscessu,
560 1883 580 1928 e
593 1855 866 1954 posterioribus
882 1858 962 1927 nasi
973 1854 1071 1926 fora-

69 1975 234 2046 minibus
250 1976 290 2045 in
307 1974 540 2073 pharyngem
568 1973 722 2045 defluxit
746 1973 927 2044 mediocri
948 1975 1074 2071 copia:

69 2094 111 2161 In
131 2092 298 2162 calvaria
316 2116 406 2162 cavo
425 2116 509 2169 cum
529 2093 653 2180 sinus,
669 2106 749 2161 tum
765 2105 894 2161 caetera
913 2114 1070 2187 praeser-

68 2209 132 2278 tim
150 2233 239 2279 vasa
256 2233 338 2305 quae
362 2233 431 2306 per
450 2231 609 2279 crassam
633 2209 848 2305 meningem
872 2205 1069 2297 feruntur,

68 2326 193 2422 nigre,
207 2348 461 2423 spumosoque
478 2325 658 2422 sanguine
674 2323 839 2422 turgida,
857 2324 1068 2422 eodemque

68 2466 150 2513 vasa
161 2443 288 2513 omnia
298 2495 307 2530 ,
319 2465 567 2539 quaecumque
579 2466 647 2539 per
658 2458 812 2517 tenuem
823 2444 898 2513 sive
912 2443 952 2512 in
967 2441 1067 2532 basi,

67 2559 139 2630 sive
157 2560 197 2628 in
211 2559 355 2631 ambitu
374 2559 521 2654 reliquo
539 2558 703 2648 cerebri,
724 2573 760 2630 et
777 2558 969 2647 cerebelli,
989 2559 1066 2630 sive

66 2699 131 2772 per
145 2677 377 2747 ventriculos
398 2673 609 2762 ducuntur,
626 2676 737 2746 ctiam
764 2674 934 2763 exiliora,
952 2675 1066 2772 longe

66 2793 326 2891 turgidissima.
345 2793 573 2883 Quinetiam
598 2816 643 2865 ex
667 2791 823 2863 dissecta
842 2791 1005 2879 cerebri,
1029 2808 1067 2865 et

66 2909 239 2981 cerebelli
273 2910 477 2982 substantia
497 2911 647 2980 latiores
682 2934 796 3013 quam
819 2934 988 3006 unquam
1011 2910 1067 2979 vi-

66 3023 200 3115 derim,
221 3028 421 3122 sanguinis
432 3041 543 3123 guttae
558 3026 676 3115 ultre,
694 3028 878 3123 omnique
896 3051 941 3097 ex
959 3042 1064 3124 parte

65 3143 297 3215 emanabant.
332 3147 435 3215 Inter
453 3159 651 3240 utramque
670 3145 891 3241 meningen}
907 3169 1064 3242 parurn,

65 3258 130 3329 sub
147 3261 253 3330 tenui
269 3260 383 3357 paulo
394 3260 480 3358 plus
491 3261 563 3331 seri
571 3257 919 3358 fuit3quam0brem
931 3277 1065 3352 tracta,

63 3375 165 3445 nullo
185 3378 337 3473 negotio
356 3375 601 3473 sequebatur(
619 3374 795 3473 Ejusdem
824 3383 896 3451 seri
919 3382 1064 3453 medio·

63 3492 132 3563 cris
151 3495 262 3590 copia
287 3494 326 3562 in
344 3493 558 3565 lateralibus
577 3488 794 3568 ventriculis
820 3494 897 3570 fuit.
929 3499 1078 3571 Plexus.

61 3621 183 3680 tamen
215 3609 434 3697 choroides,
467 3612 639 3708 quamvis
669 3611 849 3709 plurimas
881 3615 1062 3697 vesiculas

61 3747 155 3822 aqua
180 3728 340 3797 maxime
369 3726 547 3798 distentas
575 3729 614 3796 in
644 3732 850 3826 posteriore
868 3730 1062 3802 habebant

61 3843 165 3930 sede,
189 3843 395 3913 rubicundi
422 3861 553 3915 erant:
579 3843 724 3916 cerebri
742 3862 865 3916 autem
892 3845 1060 3918 substan-

59 3959 109 4028 tia
135 3986 215 4030 non
239 3959 355 4031 modo
383 3986 462 4031 non
491 3963 586 4051 laxa,
605 3964 670 4036 sed
689 3961 911 4036 firmissima.
946 3969 1058 4037 Caete-
