2784 4668
234 493 352 545 arar.
380 494 427 541 ou
453 492 592 541 uoanrs·
613 489 764 539 clrrrrs.
790 490 904 540 amer.
929 493 955 540 1.
1050 467 1098 544 85

94 621 153 680 tos
172 607 303 681 latum*
312 608 363 677 ita
379 593 595 677 coaluerai'rt
608 605 708 679 inter
722 624 777 692 se,
790 619 835 676 ut
847 629 1028 677 vasorum
1040 630 1102 677 os-

71 724 185 821 cula
211 730 366 822 penitus
392 724 665 796 obserarentur.
695 721 786 793 Veri
804 722 960 820 quoque
983 722 1104 796 simile

98 856 172 928 est,
190 838 380 936 ejusmodi
397 837 611 926 obstacula,
626 851 813 934 quatenus
828 863 867 910 se
883 853 948 911 aut
962 840 1105 938 sangui·

98 959 160 1046 ni,
173 972 241 1028 aut
252 957 334 1027 aliis
342 955 483 1054 pariter
490 968 692 1052 opponunt
705 954 902 1052 succisper
911 957 1106 1055 meninges
1122 972 1125 975 ’

96 1074 238 1171 jugiter
253 1071 552 1160 transeuntibus,
563 1071 1005 1145 occasionem'interdum
1020 1099 1108 1172 prae·

97 1189 191 1263 bere
202 1189 400 1265 doloribus
410 1210 478 1287 per
493 1188 671 1269 circuitus
679 1188 981 1278 recurrentibus,
995 1191 1106 1264 toties

100 1306 277 1380 videlicet
284 1344 295 1399 1,
321 1306 471 1404 quoties
490 1319 593 1377 tanta
613 1304 865 1403 portiohaesit
882 1326 1106 1396 succorum,
1196 1316 1206 1327 *

100 1440 147 1495 ut
166 1427 275 1523 copia
295 1422 527 1513 distendere,
553 1436 619 1495 aut
637 1423 801 1513 tamdiu,
823 1438 866 1497 ut
892 1424 1025 1497 vitiosa
1055 1421 1108 1495 ob
1137 1404 1144 1413 ⁵
1168 1488 1170 1493 .

101 1540 352 1615 moramfacta
365 1542 510 1615 irritare
520 1541 715 1639 meningas
733 1543 867 1639 possit,
888 1564 1051 1640 quarum
1061 1538 1107 1611 fi-

102 1659 182 1733 bris
206 1686 243 1733 se
265 1674 466 1759 propterea
480 1657 791 1731 contrahentibus
813 1672 1015 1757 postquam
1029 1659 1107 1757 pri-

102 1801 166 1848 ma
179 1778 243 1848 illa
257 1779 384 1877 portio
396 1780 433 1849 vi
446 1778 486 1850 in
500 1778 733 1877 angustiores
746 1776 916 1851 laterales
929 1775 1109 1863 canalicu·

103 1896 162 1968 los
176 1912 354 1968 contrusa
369 1909 442 1984 est,
459 1920 557 1968 nora
577 1894 750 1969 succedat
763 1918 850 1992 que
869 1893 917 1965 ad
932 1892 1110 1967 eumdem
1142 1878 1145 1884 ¹

102 2013 264 2084 modum
283 2014 421 2085 haereat
433 2027 470 2085 et
489 2015 713 2111 expellatur,
739 2024 880 2112 etpost
900 2009 999 2083 banc
1020 2008 1110 2081 alia-z

102 2157 231 2229 neque
245 2131 332 2204 finis
343 2145 452 2204 antea
463 2129 528 2203 fiat
539 2154 655 2229 quam
668 2128 837 2204 laterales
848 2128 903 2202 illi
915 2126 1113 2200 canaliculi
1208 2118 1215 2145 '

105 2250 158 2323 sic
184 2249 351 2347 denique
374 2251 507 2348 saepius
529 2249 671 2323 iteratis
695 2244 921 2342 impulsibus
937 2256 1111 2343 pateant,

104 2382 149 2438 ut
164 2366 262 2437 nihil
285 2367 363 2462 jam
387 2364 535 2436 baereat
553 2364 627 2440 Sed
647 2377 712 2436 aut
732 2358 924 2434 fimestum
947 2360 1113 2458 denique
1201 2359 1204 2362 ’

105 2484 369 2584 praenunciant
390 2482 531 2555 exitum
549 2466 704 2577 (1⁵)‚aut
724 2474 916 2551 difficilem
929 2501 1009 2550 non
1026 2500 1113 2551 raro

103 2588 340 2689 curationem
361 2597 504 2673 habent
525 2594 755 2694 ejuscemodi
784 2593 957 2683 dolores,
989 2617 1113 2690 eoque

102 2722 244 2818 magis,
267 2730 346 2817 q‘uo
371 2716 603 2788 constantius
624 2713 757 2787 eadem
775 2724 978 2785 recurrunt
997 2709 1113 2799 hora3

105 2864 154 2910 an
173 2836 281 2936 quod
297 2838 349 2908 ita
358 2831 612 2934 significetur,
629 2828 800 2904 laterales
816 2826 1043 2902 canaliculos
1052 2848 1113 2897 va·
1151 2882 1155 2890 .

105 2958 248 3031 lentius
263 2955 434 3043 resistere
460 2949 642 3049 impulsui
664 2943 860 3021 dilatanti?
882 2943 1038 3019 Memini
1053 2966 1115 3017 me

104 3074 387 3159 adolescentem
402 3071 442 3142 iu
465 3068 584 3168 patria
600 3064 826 3139 medicinam
842 3058 964 3135 facere
981 3060 1118 3158 aequali

104 3216 193 3265 meo
207 3189 414 3262 Laurentio
435 3184 663 3284 Bagattrinio
679 3195 833 3255 externa
851 3176 1026 3278 quidem,
1049 3174 1117 3253 aed
1164 3240 1168 3257 .

107 3305 369 3392 acerbissima,
385 3303 615 3378 hemicrania
626 3299 730 3373 baud
743 3300 794 3373 ita
808 3296 955 3397 pridem
967 3318 1117 3393 correp·

104 3443 165 3516 to,
184 3451 271 3524 quae
288 3446 399 3497 mane
413 3420 587 3521 quotidie
611 3417 744 3492 eadem
761 3415 877 3501 hora,
888 3426 933 3485 ut
948 3412 1031 3485 Itali
1048 3436 1119 3483 uu·

109 3566 330 3629 meremus,
362 3538 587 3613 duodecima
620 3531 891 3609 revertebatur.
924 3525 1122 3626 Quidquid

148 3921 193 3999 (1)
213 3913 566 3993 recuperemus
581 3913 614 3986 3,
631 3911 697 3970 obs.
718 3914 770 3983 rt,
786 3925 816 3967 a.
834 3923 849 3963 ι
864 3914 895 3967 et
910 3903 944 3979 3,
961 3902 1068 3962 etde'c.
1087 3901 1123 3974 3,
1250 3875 1254 3884 ’

111 4038 157 4078 an.
171 4038 202 4091 7.
219 4016 362 4093 Append.
378 4021 433 4090 74,
451 4013 518 4074 oba.
530 4009 578 4086 75.
