<?xml version="1.0" encoding="UTF-8"?>
<!DOCTYPE html PUBLIC "-//W3C//DTD XHTML 1.0 Transitional//EN"
    "http://www.w3.org/TR/xhtml1/DTD/xhtml1-transitional.dtd">
<html xmlns="http://www.w3.org/1999/xhtml" xml:lang="en" lang="en">
 <head>
  <title>
</title>
<meta http-equiv="Content-Type" content="text/html;charset=utf-8" />
  <meta name='ocr-system' content='tesseract 3.04.00' />
  <meta name='ocr-capabilities' content='ocr_page ocr_carea ocr_par ocr_line ocrx_word'/>
</head>
<body>
  <div class='ocr_page' id='page_1' title='image "./desedibusetcaus06adelgoog_0567.png"; bbox 0 0 2798 4668; ppageno 0'>
   <div class='ocr_carea' id='block_1_1' title="bbox 290 434 1308 3728">
    <p class='ocr_par' dir='ltr' id='par_1_1' title="bbox 326 434 1162 515">
     <span class='ocr_line' id='line_1_1' title="bbox 326 434 1162 515; baseline -0.001 0"><span class='ocrx_word' id='word_1_1' title='bbox 326 440 397 515; x_wconf 80' lang='lat'><strong>556</strong></span> <span class='ocrx_word' id='word_1_2' title='bbox 497 467 543 515; x_wconf 79' lang='lat' dir='ltr'><strong>uu</strong></span> <span class='ocrx_word' id='word_1_3' title='bbox 569 463 714 514; x_wconf 71' lang='lat' dir='ltr'><strong>scamus</strong></span> <span class='ocrx_word' id='word_1_4' title='bbox 737 466 782 513; x_wconf 78' lang='lat' dir='ltr'><strong>ar</strong></span> <span class='ocrx_word' id='word_1_5' title='bbox 807 434 930 514; x_wconf 62' lang='lat' dir='ltr'><strong>cansrs</strong></span> <span class='ocrx_word' id='word_1_6' title='bbox 955 466 1162 515; x_wconf 79' lang='lat' dir='ltr'><strong>noaroamu</strong></span> 
     </span>
    </p>

    <p class='ocr_par' dir='ltr' id='par_1_2' title="bbox 324 578 1308 2644">
     <span class='ocr_line' id='line_1_2' title="bbox 324 578 1301 677; baseline -0.001 -26"><span class='ocrx_word' id='word_1_7' title='bbox 324 580 397 651; x_wconf 90' lang='lat' dir='ltr'><strong>nisi</strong></span> <span class='ocrx_word' id='word_1_8' title='bbox 415 578 522 677; x_wconf 92' lang='lat' dir='ltr'><strong>quod</strong></span> <span class='ocrx_word' id='word_1_9' title='bbox 540 579 701 652; x_wconf 87' lang='lat' dir='ltr'><strong>vicissim</strong></span> <span class='ocrx_word' id='word_1_10' title='bbox 715 579 845 651; x_wconf 89' lang='lat' dir='ltr'><strong>vitium</strong></span> <span class='ocrx_word' id='word_1_11' title='bbox 860 581 1041 677; x_wconf 91' lang='lat' dir='ltr'><strong>proponit</strong></span> <span class='ocrx_word' id='word_1_12' title='bbox 1057 604 1078 650; x_wconf 90' lang='lat' dir='ltr'><strong>a</strong></span> <span class='ocrx_word' id='word_1_13' title='bbox 1101 579 1254 668; x_wconf 74' lang='lat' dir='ltr'><strong>dexuis3</strong></span> <span class='ocrx_word' id='word_1_14' title='bbox 1271 581 1301 650; x_wconf 89' lang='lat' dir='ltr'><strong>iu</strong></span> 
     </span>
     <span class='ocr_line' id='line_1_3' title="bbox 326 695 1303 795; baseline 0 -27"><span class='ocrx_word' id='word_1_15' title='bbox 326 721 372 768; x_wconf 83' lang='lat' dir='ltr'><strong>eo</strong></span> <span class='ocrx_word' id='word_1_16' title='bbox 381 697 581 794; x_wconf 86' lang='lat' dir='ltr'><strong>persimilis</strong></span> <span class='ocrx_word' id='word_1_17' title='bbox 601 695 814 768; x_wconf 84' lang='lat' dir='ltr'><strong>observatio</strong></span> <span class='ocrx_word' id='word_1_18' title='bbox 826 697 1000 794; x_wconf 89' lang='lat' dir='ltr'><strong>Peyrouii</strong></span> <span class='ocrx_word' id='word_1_19' title='bbox 1011 695 1179 795; x_wconf 82' lang='lat' dir='ltr'><strong>(1)quod</strong></span> <span class='ocrx_word' id='word_1_20' title='bbox 1195 698 1232 765; x_wconf 90' lang='lat' dir='ltr'><strong>in</strong></span> <span class='ocrx_word' id='word_1_21' title='bbox 1244 721 1303 768; x_wconf 92' lang='lat' dir='ltr'><strong>me·</strong></span> 
     </span>
     <span class='ocr_line' id='line_1_4' title="bbox 325 808 1304 912; baseline -0.001 -28"><span class='ocrx_word' id='word_1_22' title='bbox 325 814 389 884; x_wconf 92' lang='lat' dir='ltr'><strong>dio</strong></span> <span class='ocrx_word' id='word_1_23' title='bbox 402 812 518 886; x_wconf 85' lang='lat' dir='ltr'><strong>ferme</strong></span> <span class='ocrx_word' id='word_1_24' title='bbox 537 815 655 885; x_wconf 90' lang='lat' dir='ltr'><strong>striati</strong></span> <span class='ocrx_word' id='word_1_25' title='bbox 667 813 837 912; x_wconf 89' lang='lat' dir='ltr'><strong>corporis</strong></span> <span class='ocrx_word' id='word_1_26' title='bbox 850 812 987 885; x_wconf 91' lang='lat' dir='ltr'><strong>durum</strong></span> <span class='ocrx_word' id='word_1_27' title='bbox 999 808 1255 902; x_wconf 85' lang='lat' dir='ltr'><strong>tuberculum,</strong></span> <span class='ocrx_word' id='word_1_28' title='bbox 1268 811 1304 883; x_wconf 85' lang='lat' dir='ltr'><strong>fa·</strong></span> 
     </span>
     <span class='ocr_line' id='line_1_5' title="bbox 324 929 1305 1030; baseline -0.001 -28"><span class='ocrx_word' id='word_1_29' title='bbox 324 930 380 1002; x_wconf 84' lang='lat' dir='ltr'><strong>boe</strong></span> <span class='ocrx_word' id='word_1_30' title='bbox 394 931 553 1002; x_wconf 84' lang='lat' dir='ltr'><strong>multum</strong></span> <span class='ocrx_word' id='word_1_31' title='bbox 566 930 746 1027; x_wconf 84' lang='lat' dir='ltr'><strong>depressae</strong></span> <span class='ocrx_word' id='word_1_32' title='bbox 757 931 999 1003; x_wconf 82' lang='lat' dir='ltr'><strong>crassitudine</strong></span> <span class='ocrx_word' id='word_1_33' title='bbox 1010 986 1020 1020; x_wconf 91' lang='lat'><strong>,</strong></span> <span class='ocrx_word' id='word_1_34' title='bbox 1030 930 1176 1030; x_wconf 87' lang='lat' dir='ltr'><strong>profert</strong></span> <span class='ocrx_word' id='word_1_35' title='bbox 1188 929 1305 1001; x_wconf 80' lang='lat' dir='ltr'><strong>exado</strong></span> 
     </span>
     <span class='ocr_line' id='line_1_6' title="bbox 325 1046 1306 1147; baseline -0.003 -28"><span class='ocrx_word' id='word_1_36' title='bbox 325 1049 508 1137; x_wconf 85' lang='lat' dir='ltr'><strong>lescente,</strong></span> <span class='ocrx_word' id='word_1_37' title='bbox 537 1048 598 1118; x_wconf 93' lang='lat' dir='ltr'><strong>cui</strong></span> <span class='ocrx_word' id='word_1_38' title='bbox 623 1046 720 1118; x_wconf 92' lang='lat' dir='ltr'><strong>latus</strong></span> <span class='ocrx_word' id='word_1_39' title='bbox 747 1048 964 1145; x_wconf 90' lang='lat' dir='ltr'><strong>oppositum</strong></span> <span class='ocrx_word' id='word_1_40' title='bbox 982 1065 1146 1147; x_wconf 81' lang='lat' dir='ltr'><strong>coeperat</strong></span> <span class='ocrx_word' id='word_1_41' title='bbox 1170 1049 1306 1146; x_wconf 84' lang='lat' dir='ltr'><strong>paralysi</strong></span> 
     </span>
     <span class='ocr_line' id='line_1_7' title="bbox 325 1164 1306 1262; baseline 0.001 -27"><span class='ocrx_word' id='word_1_42' title='bbox 325 1164 506 1237; x_wconf 89' lang='lat' dir='ltr'><strong>laborare.</strong></span> <span class='ocrx_word' id='word_1_43' title='bbox 518 1167 846 1262; x_wconf 76' lang='lat' dir='ltr'><strong>&#39;Nunc&#39;postquam</strong></span> <span class='ocrx_word' id='word_1_44' title='bbox 863 1179 920 1237; x_wconf 89' lang='lat' dir='ltr'><strong>tot</strong></span> <span class='ocrx_word' id='word_1_45' title='bbox 945 1191 965 1236; x_wconf 91' lang='lat' dir='ltr'><strong>a</strong></span> <span class='ocrx_word' id='word_1_46' title='bbox 984 1166 1095 1237; x_wconf 88' lang='lat' dir='ltr'><strong>nobis</strong></span> <span class='ocrx_word' id='word_1_47' title='bbox 1118 1166 1210 1251; x_wconf 89' lang='lat' dir='ltr'><strong>hac,</strong></span> <span class='ocrx_word' id='word_1_48' title='bbox 1230 1166 1306 1236; x_wconf 86' lang='lat' dir='ltr'><strong>aliis·</strong></span> 
     </span>
     <span class='ocr_line' id='line_1_8' title="bbox 327 1281 1307 1384; baseline -0.001 -31"><span class='ocrx_word' id='word_1_49' title='bbox 327 1308 401 1380; x_wconf 89' lang='lat' dir='ltr'><strong>que</strong></span> <span class='ocrx_word' id='word_1_50' title='bbox 418 1281 585 1381; x_wconf 87' lang='lat' dir='ltr'><strong>epistolis</strong></span> <span class='ocrx_word' id='word_1_51' title='bbox 605 1297 685 1354; x_wconf 85' lang='lat' dir='ltr'><strong>tum</strong></span> <span class='ocrx_word' id='word_1_52' title='bbox 716 1283 924 1384; x_wconf 88' lang='lat' dir='ltr'><strong>proposita,</strong></span> <span class='ocrx_word' id='word_1_53' title='bbox 947 1297 1026 1354; x_wconf 89' lang='lat' dir='ltr'><strong>tum</strong></span> <span class='ocrx_word' id='word_1_54' title='bbox 1052 1299 1254 1353; x_wconf 85' lang='lat' dir='ltr'><strong>memorata</strong></span> <span class='ocrx_word' id='word_1_55' title='bbox 1268 1282 1307 1352; x_wconf 93' lang='lat' dir='ltr'><strong>le·</strong></span> 
     </span>
     <span class='ocr_line' id='line_1_9' title="bbox 327 1401 1308 1499; baseline 0 -31"><span class='ocrx_word' id='word_1_56' title='bbox 327 1401 411 1498; x_wconf 85' lang='lat' dir='ltr'><strong>gisti</strong></span> <span class='ocrx_word' id='word_1_57' title='bbox 428 1401 595 1498; x_wconf 86' lang='lat' dir='ltr'><strong>exempla</strong></span> <span class='ocrx_word' id='word_1_58' title='bbox 614 1423 798 1470; x_wconf 84' lang='lat' dir='ltr'><strong>noxarum</strong></span> <span class='ocrx_word' id='word_1_59' title='bbox 813 1401 999 1499; x_wconf 83' lang='lat' dir='ltr'><strong>gravium,</strong></span> <span class='ocrx_word' id='word_1_60' title='bbox 1013 1425 1095 1497; x_wconf 86' lang='lat' dir='ltr'><strong>quae</strong></span> <span class='ocrx_word' id='word_1_61' title='bbox 1112 1403 1308 1472; x_wconf 87' lang='lat' dir='ltr'><strong>striatomm</strong></span> 
     </span>
     <span class='ocr_line' id='line_1_10' title="bbox 327 1515 1308 1615; baseline -0.004 -27"><span class='ocrx_word' id='word_1_62' title='bbox 327 1542 531 1615; x_wconf 91' lang='lat' dir='ltr'><strong>corporum</strong></span> <span class='ocrx_word' id='word_1_63' title='bbox 551 1518 718 1589; x_wconf 59' lang='lat' dir='ltr'><strong>laesionts</strong></span> <span class='ocrx_word' id='word_1_64' title='bbox 739 1532 827 1588; x_wconf 83' lang='lat' dir='ltr'><strong>sunt</strong></span> <span class='ocrx_word' id='word_1_65' title='bbox 840 1534 1066 1604; x_wconf 60' lang='lat' dir='ltr'><strong>consecutam</strong></span> <span class='ocrx_word' id='word_1_66' title='bbox 1080 1519 1159 1614; x_wconf 87' lang='lat' dir='ltr'><strong>jam</strong></span> <span class='ocrx_word' id='word_1_67' title='bbox 1174 1532 1268 1589; x_wconf 86' lang='lat' dir='ltr'><strong>tanto</strong></span> <span class='ocrx_word' id='word_1_68' title='bbox 1279 1515 1308 1585; x_wconf 91' lang='lat' dir='ltr'><strong>li·</strong></span> 
     </span>
     <span class='ocr_line' id='line_1_11' title="bbox 325 1633 1307 1734; baseline -0.004 -27"><span class='ocrx_word' id='word_1_69' title='bbox 325 1634 476 1707; x_wconf 89' lang='lat' dir='ltr'><strong>bentius</strong></span> <span class='ocrx_word' id='word_1_70' title='bbox 493 1633 673 1733; x_wconf 91' lang='lat' dir='ltr'><strong>probabis</strong></span> <span class='ocrx_word' id='word_1_71' title='bbox 688 1633 794 1733; x_wconf 89' lang='lat' dir='ltr'><strong>quod</strong></span> <span class='ocrx_word' id='word_1_72' title='bbox 811 1635 855 1705; x_wconf 86' lang='lat' dir='ltr'><strong>cl.</strong></span> <span class='ocrx_word' id='word_1_73' title='bbox 874 1634 1131 1733; x_wconf 85' lang='lat' dir='ltr'><strong>Langhausius</strong></span> <span class='ocrx_word' id='word_1_74' title='bbox 1142 1635 1209 1734; x_wconf 81' lang='lat'><strong>(2),</strong></span> <span class='ocrx_word' id='word_1_75' title='bbox 1222 1657 1307 1732; x_wconf 87' lang='lat' dir='ltr'><strong>spec·</strong></span> 
     </span>
     <span class='ocr_line' id='line_1_12' title="bbox 326 1751 1308 1846; baseline -0.004 -22"><span class='ocrx_word' id='word_1_76' title='bbox 326 1753 410 1824; x_wconf 86' lang='lat' dir='ltr'><strong>tatis</strong></span> <span class='ocrx_word' id='word_1_77' title='bbox 426 1751 752 1824; x_wconf 86' lang='lat' dir='ltr'><strong>observationibus</strong></span> <span class='ocrx_word' id='word_1_78' title='bbox 769 1768 983 1824; x_wconf 89' lang='lat' dir='ltr'><strong>nostrarum</strong></span> <span class='ocrx_word' id='word_1_79' title='bbox 999 1751 1203 1839; x_wconf 83' lang='lat' dir='ltr'><strong>similibus,</strong></span> <span class='ocrx_word' id='word_1_80' title='bbox 1218 1751 1308 1846; x_wconf 84' lang='lat' dir='ltr'><strong>scrip</strong></span> 
     </span>
     <span class='ocr_line' id='line_1_13' title="bbox 327 1868 1308 1969; baseline -0.004 -27"><span class='ocrx_word' id='word_1_81' title='bbox 327 1870 394 1957; x_wconf 88' lang='lat' dir='ltr'><strong>sit,</strong></span> <span class='ocrx_word' id='word_1_82' title='bbox 424 1868 490 1941; x_wconf 90' lang='lat' dir='ltr'><strong>has</strong></span> <span class='ocrx_word' id='word_1_83' title='bbox 525 1871 667 1941; x_wconf 80' lang='lat' dir='ltr'><strong>striatas</strong></span> <span class='ocrx_word' id='word_1_84' title='bbox 697 1869 998 1966; x_wconf 88' lang='lat' dir='ltr'><strong>protuberantias</strong></span> <span class='ocrx_word' id='word_1_85' title='bbox 1026 1895 1104 1942; x_wconf 88' lang='lat' dir='ltr'><strong>esse</strong></span> <span class='ocrx_word' id='word_1_86' title='bbox 1133 1884 1253 1969; x_wconf 90' lang='lat' dir='ltr'><strong>partes</strong></span> <span class='ocrx_word' id='word_1_87' title='bbox 1267 1891 1308 1938; x_wconf 87' lang='lat' dir='ltr'><strong>ce·</strong></span> 
     </span>
     <span class='ocr_line' id='line_1_14' title="bbox 326 1985 1307 2076; baseline -0.002 -19"><span class='ocrx_word' id='word_1_88' title='bbox 326 1985 1307 2076; x_wconf 71' lang='lat' dir='ltr'><strong>rebrinobilissimasmecmirandum,cum‘maximan</strong></span> 
     </span>
     <span class='ocr_line' id='line_1_15' title="bbox 327 2102 1307 2204; baseline -0.001 -31"><span class='ocrx_word' id='word_1_89' title='bbox 327 2102 407 2198; x_wconf 85' lang='lat' dir='ltr'><strong>ejus</strong></span> <span class='ocrx_word' id='word_1_90' title='bbox 427 2127 579 2173; x_wconf 90' lang='lat' dir='ltr'><strong>crurum</strong></span> <span class='ocrx_word' id='word_1_91' title='bbox 596 2105 811 2201; x_wconf 87' lang='lat' dir='ltr'><strong>portionem</strong></span> <span class='ocrx_word' id='word_1_92' title='bbox 832 2102 985 2193; x_wconf 90' lang='lat' dir='ltr'><strong>faciant,</strong></span> <span class='ocrx_word' id='word_1_93' title='bbox 1011 2120 1047 2176; x_wconf 87' lang='lat' dir='ltr'><strong>et</strong></span> <span class='ocrx_word' id='word_1_94' title='bbox 1065 2105 1174 2204; x_wconf 88' lang='lat' dir='ltr'><strong>quod</strong></span> <span class='ocrx_word' id='word_1_95' title='bbox 1199 2127 1307 2176; x_wconf 91' lang='lat' dir='ltr'><strong>conse-</strong></span> 
     </span>
     <span class='ocr_line' id='line_1_16' title="bbox 328 2217 1307 2320; baseline 0 -32"><span class='ocrx_word' id='word_1_96' title='bbox 328 2219 478 2315; x_wconf 86' lang='lat' dir='ltr'><strong>quitur,</strong></span> <span class='ocrx_word' id='word_1_97' title='bbox 505 2220 675 2291; x_wconf 83' lang='lat' dir='ltr'><strong>medullae</strong></span> <span class='ocrx_word' id='word_1_98' title='bbox 691 2236 826 2292; x_wconf 84' lang='lat' dir='ltr'><strong>trunco</strong></span> <span class='ocrx_word' id='word_1_99' title='bbox 850 2223 1036 2320; x_wconf 83' lang='lat' dir='ltr'><strong>originem</strong></span> <span class='ocrx_word' id='word_1_100' title='bbox 1049 2252 1051 2257; x_wconf 53' lang='lat'><strong>⁴</strong></span> <span class='ocrx_word' id='word_1_101' title='bbox 1062 2222 1268 2320; x_wconf 84' lang='lat' dir='ltr'><strong>praebeant,</strong></span> <span class='ocrx_word' id='word_1_102' title='bbox 1286 2217 1307 2288; x_wconf 87' lang='lat' dir='ltr'><strong>si</strong></span> 
     </span>
     <span class='ocr_line' id='line_1_17' title="bbox 325 2335 1308 2437; baseline 0 -32"><span class='ocrx_word' id='word_1_103' title='bbox 325 2335 418 2407; x_wconf 80' lang='lat' dir='ltr'><strong>loesis</strong></span> <span class='ocrx_word' id='word_1_104' title='bbox 437 2337 546 2434; x_wconf 90' lang='lat' dir='ltr'><strong>ipsis,</strong></span> <span class='ocrx_word' id='word_1_105' title='bbox 561 2338 833 2426; x_wconf 65' lang='lat' dir='ltr'><strong>membrum,</strong></span> <span class='ocrx_word' id='word_1_106' title='bbox 851 2355 887 2410; x_wconf 88' lang='lat' dir='ltr'><strong>et</strong></span> <span class='ocrx_word' id='word_1_107' title='bbox 903 2339 1092 2436; x_wconf 86' lang='lat' dir='ltr'><strong>reliquum</strong></span> <span class='ocrx_word' id='word_1_108' title='bbox 1106 2364 1241 2437; x_wconf 89' lang='lat' dir='ltr'><strong>corpus</strong></span> <span class='ocrx_word' id='word_1_109' title='bbox 1252 2359 1308 2406; x_wconf 87' lang='lat' dir='ltr'><strong>ma·</strong></span> 
     </span>
     <span class='ocr_line' id='line_1_18' title="bbox 328 2454 1308 2556; baseline -0.001 -33"><span class='ocrx_word' id='word_1_110' title='bbox 328 2454 426 2553; x_wconf 84' lang='lat' dir='ltr'><strong>gnis,</strong></span> <span class='ocrx_word' id='word_1_111' title='bbox 442 2470 484 2528; x_wconf 88' lang='lat' dir='ltr'><strong>ut</strong></span> <span class='ocrx_word' id='word_1_112' title='bbox 498 2470 688 2526; x_wconf 89' lang='lat' dir='ltr'><strong>ostensum</strong></span> <span class='ocrx_word' id='word_1_113' title='bbox 701 2470 774 2544; x_wconf 85' lang='lat' dir='ltr'><strong>est,</strong></span> <span class='ocrx_word' id='word_1_114' title='bbox 785 2455 929 2529; x_wconf 85' lang='lat' dir='ltr'><strong>morbis</strong></span> <span class='ocrx_word' id='word_1_115' title='bbox 939 2511 949 2544; x_wconf 96' lang='lat'><strong>,</strong></span> <span class='ocrx_word' id='word_1_116' title='bbox 959 2457 1166 2556; x_wconf 75' lang='lat' dir='ltr'><strong>saepiusque</strong></span> <span class='ocrx_word' id='word_1_117' title='bbox 1177 2454 1308 2528; x_wconf 87' lang='lat' dir='ltr'><strong>funestis</strong></span> 
     </span>
     <span class='ocr_line' id='line_1_19' title="bbox 328 2570 523 2644; baseline -0.015 0"><span class='ocrx_word' id='word_1_118' title='bbox 328 2570 523 2644; x_wconf 87' lang='lat' dir='ltr'><strong>afficiatur.</strong></span> 
     </span>
    </p>

    <p class='ocr_par' dir='ltr' id='par_1_3' title="bbox 290 2690 1307 3728">
     <span class='ocr_line' id='line_1_20' title="bbox 382 2690 1307 2790; baseline -0.004 -30"><span class='ocrx_word' id='word_1_119' title='bbox 382 2690 435 2762; x_wconf 78' lang='lat'><strong>13.</strong></span> <span class='ocrx_word' id='word_1_120' title='bbox 464 2694 603 2779; x_wconf 83' lang='lat' dir='ltr'><strong>Senex,</strong></span> <span class='ocrx_word' id='word_1_121' title='bbox 618 2690 684 2788; x_wconf 84' lang='lat' dir='ltr'><strong>qui</strong></span> <span class='ocrx_word' id='word_1_122' title='bbox 699 2716 743 2761; x_wconf 84' lang='lat' dir='ltr'><strong>ex</strong></span> <span class='ocrx_word' id='word_1_123' title='bbox 753 2693 949 2790; x_wconf 84' lang='lat' dir='ltr'><strong>apoplexia</strong></span> <span class='ocrx_word' id='word_1_124' title='bbox 960 2690 1307 2789; x_wconf 82' lang='lat' dir='ltr'><strong>hemiplecticustota</strong></span> 
     </span>
     <span class='ocr_line' id='line_1_21' title="bbox 329 2804 1306 2906; baseline -0.006 -28"><span class='ocrx_word' id='word_1_125' title='bbox 329 2808 500 2904; x_wconf 86' lang='lat' dir='ltr'><strong>corporis</strong></span> <span class='ocrx_word' id='word_1_126' title='bbox 524 2822 629 2906; x_wconf 88' lang='lat' dir='ltr'><strong>parte</strong></span> <span class='ocrx_word' id='word_1_127' title='bbox 648 2808 818 2896; x_wconf 81' lang='lat' dir='ltr'><strong>dextera,</strong></span> <span class='ocrx_word' id='word_1_128' title='bbox 836 2811 867 2881; x_wconf 88' lang='lat' dir='ltr'><strong>si</strong></span> <span class='ocrx_word' id='word_1_129' title='bbox 886 2823 1015 2906; x_wconf 87' lang='lat' dir='ltr'><strong>caput,</strong></span> <span class='ocrx_word' id='word_1_130' title='bbox 1036 2806 1143 2905; x_wconf 92' lang='lat' dir='ltr'><strong>quod</strong></span> <span class='ocrx_word' id='word_1_131' title='bbox 1166 2804 1306 2890; x_wconf 81' lang='lat' dir='ltr'><strong>valebat,</strong></span> 
     </span>
     <span class='ocr_line' id='line_1_22' title="bbox 329 2921 1307 3023; baseline -0.005 -29"><span class='ocrx_word' id='word_1_132' title='bbox 329 2924 506 3021; x_wconf 79' lang='lat' dir='ltr'><strong>exeipiaS,</strong></span> <span class='ocrx_word' id='word_1_133' title='bbox 524 2951 649 3022; x_wconf 88' lang='lat' dir='ltr'><strong>neque</strong></span> <span class='ocrx_word' id='word_1_134' title='bbox 669 2925 867 3015; x_wconf 88' lang='lat' dir='ltr'><strong>sentiendi,</strong></span> <span class='ocrx_word' id='word_1_135' title='bbox 884 2951 1007 3023; x_wconf 87' lang='lat' dir='ltr'><strong>neque</strong></span> <span class='ocrx_word' id='word_1_136' title='bbox 1022 2924 1202 2998; x_wconf 79' lang='lat' dir='ltr'><strong>movendi</strong></span> <span class='ocrx_word' id='word_1_137' title='bbox 1218 2921 1307 2993; x_wconf 88' lang='lat' dir='ltr'><strong>ullam</strong></span> 
     </span>
     <span class='ocr_line' id='line_1_23' title="bbox 330 3035 1306 3132; baseline -0.003 -21"><span class='ocrx_word' id='word_1_138' title='bbox 330 3039 542 3113; x_wconf 82' lang='lat' dir='ltr'><strong>facultatem</strong></span> <span class='ocrx_word' id='word_1_139' title='bbox 563 3045 787 3132; x_wconf 83' lang='lat' dir='ltr'><strong>retinuerat,</strong></span> <span class='ocrx_word' id='word_1_140' title='bbox 807 3045 846 3113; x_wconf 90' lang='lat' dir='ltr'><strong>in</strong></span> <span class='ocrx_word' id='word_1_141' title='bbox 873 3044 1113 3114; x_wconf 87' lang='lat' dir='ltr'><strong>Bononiense</strong></span> <span class='ocrx_word' id='word_1_142' title='bbox 1137 3035 1306 3113; x_wconf 84' lang='lat' dir='ltr'><strong>Incurabi·</strong></span> 
     </span>
     <span class='ocr_line' id='line_1_24' title="bbox 290 3157 1306 3259; baseline 0 -32"><span class='ocrx_word' id='word_1_143' title='bbox 290 3250 295 3259; x_wconf 24' lang='lat'><strong>,</strong></span> <span class='ocrx_word' id='word_1_144' title='bbox 329 3157 422 3228; x_wconf 90' lang='lat' dir='ltr'><strong>lium</strong></span> <span class='ocrx_word' id='word_1_145' title='bbox 437 3162 700 3231; x_wconf 90' lang='lat' dir='ltr'><strong>nosocomium</strong></span> <span class='ocrx_word' id='word_1_146' title='bbox 713 3160 897 3235; x_wconf 87' lang='lat' dir='ltr'><strong>admissus</strong></span> <span class='ocrx_word' id='word_1_147' title='bbox 913 3176 978 3232; x_wconf 91' lang='lat' dir='ltr'><strong>est.</strong></span> <span class='ocrx_word' id='word_1_148' title='bbox 999 3159 1058 3231; x_wconf 93' lang='lat' dir='ltr'><strong>Ibi</strong></span> <span class='ocrx_word' id='word_1_149' title='bbox 1069 3158 1173 3231; x_wconf 86' lang='lat' dir='ltr'><strong>febre</strong></span> <span class='ocrx_word' id='word_1_150' title='bbox 1185 3176 1306 3254; x_wconf 82' lang='lat' dir='ltr'><strong>correp</strong></span> 
     </span>
     <span class='ocr_line' id='line_1_25' title="bbox 331 3275 1305 3376; baseline 0.001 -31"><span class='ocrx_word' id='word_1_151' title='bbox 331 3291 409 3362; x_wconf 88' lang='lat' dir='ltr'><strong>tus,</strong></span> <span class='ocrx_word' id='word_1_152' title='bbox 430 3291 466 3348; x_wconf 84' lang='lat' dir='ltr'><strong>et</strong></span> <span class='ocrx_word' id='word_1_153' title='bbox 483 3277 649 3375; x_wconf 89' lang='lat' dir='ltr'><strong>spirandi</strong></span> <span class='ocrx_word' id='word_1_154' title='bbox 672 3275 911 3366; x_wconf 87' lang='lat' dir='ltr'><strong>difficultate,</strong></span> <span class='ocrx_word' id='word_1_155' title='bbox 930 3302 1044 3376; x_wconf 81' lang='lat' dir='ltr'><strong>quarn</strong></span> <span class='ocrx_word' id='word_1_156' title='bbox 1062 3292 1190 3349; x_wconf 86' lang='lat' dir='ltr'><strong>tamen</strong></span> <span class='ocrx_word' id='word_1_157' title='bbox 1207 3294 1305 3370; x_wconf 82' lang='lat' dir='ltr'><strong>neque</strong></span> 
     </span>
     <span class='ocr_line' id='line_1_26' title="bbox 330 3392 1305 3492; baseline -0.007 -29"><span class='ocrx_word' id='word_1_158' title='bbox 330 3392 525 3491; x_wconf 86' lang='lat' dir='ltr'><strong>ponderis,</strong></span> <span class='ocrx_word' id='word_1_159' title='bbox 540 3420 664 3492; x_wconf 83' lang='lat' dir='ltr'><strong>neque</strong></span> <span class='ocrx_word' id='word_1_160' title='bbox 679 3394 821 3468; x_wconf 89' lang='lat' dir='ltr'><strong>doloris</strong></span> <span class='ocrx_word' id='word_1_161' title='bbox 834 3396 949 3467; x_wconf 91' lang='lat' dir='ltr'><strong>ullius</strong></span> <span class='ocrx_word' id='word_1_162' title='bbox 964 3419 1097 3468; x_wconf 90' lang='lat' dir='ltr'><strong>sensus</strong></span> <span class='ocrx_word' id='word_1_163' title='bbox 1115 3392 1155 3466; x_wconf 86' lang='lat' dir='ltr'><strong>in</strong></span> <span class='ocrx_word' id='word_1_164' title='bbox 1178 3394 1305 3467; x_wconf 85' lang='lat' dir='ltr'><strong>thorace</strong></span> 
     </span>
     <span class='ocr_line' id='line_1_27' title="bbox 331 3503 1305 3613; baseline 0.001 -33"><span class='ocrx_word' id='word_1_165' title='bbox 331 3503 602 3602; x_wconf 84' lang='lat' dir='ltr'><strong>comitabatur,</strong></span> <span class='ocrx_word' id='word_1_166' title='bbox 620 3511 811 3586; x_wconf 86' lang='lat' dir='ltr'><strong>imbecillo</strong></span> <span class='ocrx_word' id='word_1_167' title='bbox 831 3513 973 3585; x_wconf 89' lang='lat' dir='ltr'><strong>ultimis</strong></span> <span class='ocrx_word' id='word_1_168' title='bbox 990 3511 1125 3586; x_wconf 90' lang='lat' dir='ltr'><strong>diebus</strong></span> <span class='ocrx_word' id='word_1_169' title='bbox 1139 3508 1266 3613; x_wconf 86' lang='lat' dir='ltr'><strong>pulsu,</strong></span> <span class='ocrx_word' id='word_1_170' title='bbox 1279 3517 1305 3574; x_wconf 76' lang='lat' dir='ltr'><strong>tl</strong></span> 
     </span>
     <span class='ocr_line' id='line_1_28' title="bbox 325 3625 1303 3728; baseline 0.009 -29"><span class='ocrx_word' id='word_1_171' title='bbox 325 3629 439 3728; x_wconf 91' lang='lat' dir='ltr'><strong>penis</strong></span> <span class='ocrx_word' id='word_1_172' title='bbox 447 3652 642 3728; x_wconf 82' lang='lat' dir='ltr'><strong>gangraena</strong></span> <span class='ocrx_word' id='word_1_173' title='bbox 652 3630 1049 3721; x_wconf 85' lang='lat' dir='ltr'><strong>accedente,mortuus</strong></span> <span class='ocrx_word' id='word_1_174' title='bbox 1059 3647 1258 3725; x_wconf 79' lang='lat' dir='ltr'><strong>estann017</strong></span> <span class='ocrx_word' id='word_1_175' title='bbox 1279 3625 1303 3708; x_wconf 83' lang='lat' dir='ltr'><strong>l·</strong></span> 
     </span>
    </p>
   </div>
   <div class='ocr_carea' id='block_1_2' title="bbox 371 3898 1189 4095">
    <p class='ocr_par' dir='ltr' id='par_1_4' title="bbox 371 3898 1189 4095">
     <span class='ocr_line' id='line_1_29' title="bbox 371 3898 1189 3988; baseline 0.004 -21"><span class='ocrx_word' id='word_1_176' title='bbox 371 3910 415 3988; x_wconf 82' lang='grc' dir='ltr'><strong>(ι)</strong></span> <span class='ocrx_word' id='word_1_177' title='bbox 434 3898 524 3968; x_wconf 75' lang='lat' dir='ltr'><strong>Mem.</strong></span> <span class='ocrx_word' id='word_1_178' title='bbox 540 3912 576 3969; x_wconf 85' lang='lat' dir='ltr'><strong>de</strong></span> <span class='ocrx_word' id='word_1_179' title='bbox 593 3914 704 3971; x_wconf 81' lang='lat' dir='ltr'><strong>l’Acad.</strong></span> <span class='ocrx_word' id='word_1_180' title='bbox 717 3917 750 3971; x_wconf 84' lang='lat' dir='ltr'><strong>R.</strong></span> <span class='ocrx_word' id='word_1_181' title='bbox 762 3914 813 3972; x_wconf 86' lang='lat' dir='ltr'><strong>des</strong></span> <span class='ocrx_word' id='word_1_182' title='bbox 825 3917 889 3988; x_wconf 78' lang='lat' dir='ltr'><strong>Sc,</strong></span> <span class='ocrx_word' id='word_1_183' title='bbox 907 3935 954 3972; x_wconf 87' lang='lat' dir='ltr'><strong>an.</strong></span> <span class='ocrx_word' id='word_1_184' title='bbox 972 3921 1062 3987; x_wconf 56' lang='lat'><strong>1741,</strong></span> <span class='ocrx_word' id='word_1_185' title='bbox 1082 3920 1113 3980; x_wconf 53' lang='grc' dir='ltr'><strong>[ᾖ</strong></span> <span class='ocrx_word' id='word_1_186' title='bbox 1125 3916 1189 3971; x_wconf 85' lang='lat' dir='ltr'><strong>obs.</strong></span> 
     </span>
     <span class='ocr_line' id='line_1_30' title="bbox 372 4009 1103 4095; baseline 0.004 -26"><span class='ocrx_word' id='word_1_187' title='bbox 372 4009 415 4088; x_wconf 82' lang='lat' dir='ltr'><strong>(a)</strong></span> <span class='ocrx_word' id='word_1_188' title='bbox 434 4012 512 4070; x_wconf 86' lang='lat' dir='ltr'><strong>Diss.</strong></span> <span class='ocrx_word' id='word_1_189' title='bbox 526 4014 563 4071; x_wconf 80' lang='lat' dir='ltr'><strong>de</strong></span> <span class='ocrx_word' id='word_1_190' title='bbox 575 4032 720 4075; x_wconf 83' lang='lat' dir='ltr'><strong>consensu</strong></span> <span class='ocrx_word' id='word_1_191' title='bbox 733 4027 813 4094; x_wconf 89' lang='lat' dir='ltr'><strong>part.</strong></span> <span class='ocrx_word' id='word_1_192' title='bbox 829 4036 911 4093; x_wconf 86' lang='lat' dir='ltr'><strong>corp.</strong></span> <span class='ocrx_word' id='word_1_193' title='bbox 924 4017 1013 4095; x_wconf 26' lang='lat' dir='ltr'><strong>hum..</strong></span> <span class='ocrx_word' id='word_1_194' title='bbox 1024 4019 1040 4086; x_wconf 70' lang='lat' dir='ltr'>S</span> <span class='ocrx_word' id='word_1_195' title='bbox 1051 4012 1103 4073; x_wconf 79' lang='grc'><strong>88.</strong></span> 
     </span>
    </p>
   </div>
   <div class='ocr_carea' id='block_1_3' title="bbox 0 0 1407 4668">
    <p class='ocr_par' dir='ltr' id='par_1_5' title="bbox 0 0 1407 4668">
     <span class='ocr_line' id='line_1_31' title="bbox 0 0 1407 4668; baseline 0 0"><span class='ocrx_word' id='word_1_196' title='bbox 0 0 1407 4668; x_wconf 95' lang='lat' dir='ltr'><strong> </strong></span> 
     </span>
    </p>
   </div>
  </div>
 </body>
</html>
