2784 4668
186 383 252 434 tm.
278 385 302 433 1.
331 386 377 434 aa
403 386 539 436 noeais
564 386 723 454 (taetris,
748 383 859 439 nrtsr.
887 387 943 438 ur.
1001 366 1068 469 169

83 523 192 589 servo,
205 500 320 572 allatae
335 515 440 590 sunt,
459 502 597 599 quibus
615 503 709 572 mihi
727 501 938 575 Alexander
952 508 1066 578 Bonis

83 616 196 689 doctus
221 617 408 706 medicus,
428 634 465 688 et
490 635 677 716 spectatus
704 622 845 692 amicus
877 647 957 719 quae
985 624 1067 721 ipse

81 751 147 808 tum
159 736 322 822 viderat,
345 733 597 832 significabat,
612 738 843 809 monachum
862 735 963 811 inter
978 765 1066 812 eon·

81 853 289 924 donandum
323 852 521 951 apoplexia
554 869 770 952 correptum
806 856 859 926 sic
893 872 934 928 ut
964 861 1066 932 intra

80 969 192 1060 horas,
211 968 351 1069 quibus
380 969 519 1041 dehinc
537 973 649 1059 vixit,
667 971 769 1043 haud
794 973 956 1070 amplius
976 998 1065 1073 qua·

79 1103 150 1160 tuor
175 1115 330 1161 manum
359 1088 539 1162 duntaxat
564 1090 753 1162 sinistram
780 1106 967 1179 moveret,
996 1092 1082 1187 ha-·

79 1204 186 1278 buisse
203 1209 242 1277 in
262 1206 415 1279 sinistro
442 1207 588 1278 cerebri
602 1208 816 1280 ventriculo
836 1223 934 1297 tres,
951 1210 1064 1280 mini-

80 1348 182 1413 mum,
198 1318 331 1401 uncias,
345 1326 513 1396 concreti
527 1326 720 1423 sanguinis
735 1378 745 1412 ,
765 1328 926 1423 parietes
940 1341 1064 1397 antem
1155 1371 1158 1375 -

80 1440 225 1535 ejusdem
238 1442 441 1514 ventriculi
460 1441 701 1518 dilaceratos,
717 1467 804 1513 cum
824 1442 954 1514 dexter
968 1458 1065 1514 esset

78 1557 225 1655 integer,
244 1559 417 1658 nihilque
433 1575 568 1657 praeter
582 1560 754 1657 exiguam
772 1560 963 1656 sanguinis
976 1584 1074 1657 por-⁴

78 1673 198 1746 tionem
220 1679 453 1766 contineret,
474 1702 557 1775 quae
578 1676 666 1746 illuc
685 1701 705 1746 e
726 1677 878 1748 sinistro
898 1701 968 1774 per
989 1675 1076 1755 dis-¹

78 1808 212 1889 ruptum
229 1793 402 1865 lucidum
418 1809 566 1893 septum
584 1795 792 1866 transierat.
806 1794 873 1864 Hic
883 1793 947 1863 ille
962 1817 1075 1873 sacer

80 1926 187 1982 orator
204 1929 277 2001 cst,
296 1915 494 2011 superiore
512 1913 670 2011 epistola
689 1911 742 2008 (ι)
769 1910 1066 2009 designatus‚'dc

79 2051 141 2122 quo
149 2030 245 2128 ipse,
263 2031 378 2129 paulo
398 2045 484 2128 pust
497 2031 673 2102 Venetias
692 2053 884 2118 reversus,
899 2028 994 2099 illud
1012 2029 1067 2098 in·

79 2164 173 2241 super
199 2148 381 2244 cognovi,
402 2172 491 2217 cum
517 2147 646 2244 plures
670 2136 747 2241 jain
768 2145 888 2218 diesa
913 2146 1066 2216 concio·
1161 2217 1163 2222 .

79 2262 186 2334 nando
199 2264 442 2337 abstinuisset
454 2279 657 2362 propterea
666 2265 753 2361 quia
767 2287 805 2334 se
820 2265 945 2333 minus
966 2260 1065 2333 bene

78 2372 196 2455 habere
216 2381 468 2481 querebatur,
487 2407 533 2453 eo
547 2382 699 2452 demum
712 2405 788 2477 quo
804 2379 899 2451 obiit
908 2379 968 2451 die
990 2381 1065 2451 suis
1114 2420 1116 2427 ,

79 2497 329 2590 confirmasse,
348 2525 545 2597 nunquam
557 2524 596 2572 se
609 2499 763 2586 melius,
779 2523 893 2597 qtpm
910 2513 990 2569 tum
1007 2521 1067 2567 va·

78 2611 188 2707 luisse,
206 2620 336 2719 itaque
349 2633 515 2691 erectum
535 2633 648 2715 atque
670 2616 830 2712 alacrem
855 2613 1065 2686 ascendisse

78 2727 251 2809 inlocum
279 2736 515 2833 superiorem
540 2732 588 2805 ad
613 2758 695 2803 eam
721 2733 946 2803 concionem
970 2729 1066 2800 inci·

78 2849 234 2941 piendam
256 2878 371 2953 quam
393 2853 549 2923 minime
576 2866 655 2922 erat
681 2849 932 2921 absoluturus.
954 2847 1067 2918 Venit

78 2979 152 3040 tunc
166 2972 261 3041 mihi
276 2973 317 3042 in
333 2985 501 3040 mentem
515 2968 628 3040 Attali
638 2966 816 3065 regis(2),
829 2992 912 3041 oum
920 2971 1069 3035 Bceotos

77 3082 120 3149 ad
133 3093 344 3158 societatem
371 3091 632 3156 Romanorum
662 3083 800 3157 Thebis
828 3085 1065 3177 hortaretur,

77 3204 106 3267 in
123 3208 199 3298 ipsa
219 3212 400 3276 concione
425 3209 661 3274 intermortui
682 3204 734 3273 sic
758 3217 801 3273 ut
825 3200 933 3272 haud
949 3200 1066 3270 multo

71 3324 403 3421 posteapimverit:
418 3348 498 3393 non
510 3337 636 3392 tamen
649 3319 772 3410 horis,
786 3319 851 3390 sed
870 3317 1003 3389 diebus
1013 3319 1067 3386 in-

76 3437 240 3530 terjectis3
261 3466 350 3510 nam
374 3438 428 3536 (3)
439 3494 451 3526 ,
479 3464 580 3535 oegcr
604 3439 734 3509 Thebis
760 3441 984 3536 Pergamum
1001 3433 1068 3504 ad·

106 3733 145 3813 (1)
163 3742 199 3796 N.
214 3743 261 3800 23.

108 3833 146 3912 (a)
165 3841 253 3916 Apud
264 3841 386 3899 Livium
399 3840 474 3896 Hist.
493 3841 512 3897 1.
529 3841 577 3910 37·

108 3932 151 4013 (3)v
164 3941 196 3996 L.
214 3942 262 3999 33.
